"Date","Description","ChkRef","Amount","Balance"
"10/22/2019","PAYPAL INST XFER MICROSOFT","","-$6.99","$458.21"
"10/22/2019","PAYPAL INST XFER SPOTIFYUSAI","","-$10.89","$447.32"
"10/23/2019","XX4125 POS PURCHASE Wal-Mart Super C CONWAY AR 00050035 929679452505","","-$8.60","$438.72"
"10/23/2019","XX4125 POS PURCHASE TMOBILE*AUTO PAY 800-937-8997 WA 00000000 076523","","-$80.00","$358.72"
"10/23/2019","PAYPAL INST XFER ITUNESAPPST","","-$9.99","$348.73"
"10/24/2019","PAYPAL INST XFER ITUNESAPPST","","-$0.99","$347.74"
"10/25/2019","COMCAST 8396600 012460608 4984629","","-$39.99","$307.75"
"10/28/2019","Apple Cash TRANSFER William Block","","$150.00","$457.75"
"10/29/2019","PAYPAL INST XFER ITUNESAPPST","","-$14.99","$442.76"
"10/30/2019","XX4125 ATM WITHDRAWAL BANK OZK CONWAY AR AR000138 004190","","-$20.00","$422.76"
"10/30/2019","XX4125 ATM WITHDRAWAL BANK OZK CONWAY AR AR000138 004189","","-$40.00","$382.76"
"11/04/2019","XX4125 ATM WITHDRAWAL BANK OZK CONWAY AR AR000175 009573","","-$20.00","$362.76"
"11/04/2019","XX4125 ATM WITHDRAWAL BANK OZK CONWAY AR AR000175 009661","","-$60.00","$302.76"
"11/04/2019","XX4125 MT DDA DEBIT CASH APP*DONALD 8774174551 CA 00000000 062856","","-$80.80","$221.96"
"11/05/2019","Merkle Inc.-OSV EDIPYMENTS 002Uwt","","$1,545.31","$1,767.27"
"11/06/2019","XX4125 POS PURCHASE WM SUPERCENTER # CONWAY (SOUTH AR 25750049 235309","","-$61.55","$1,705.72"
"11/06/2019","XX4125 MT DDA DEBIT CASH APP*DONALD 8774174551 CA 00000000 066752","","-$293.00","$1,412.72"
"11/07/2019","XX4125 POS PURCHASE KUM &amp; GO #0158 CONWAY AR 04389001 727035","","-$32.37","$1,380.35"
"11/07/2019","A CLOUD GURU LTD IAT PAYPAL 1007071491667","","-$29.00","$1,351.35"
"11/08/2019","XX4125 POS PURCHASE DAVID&#39;S BURGERS LITTLE ROCK AR 00B07321 020016","","-$9.41","$1,341.94"
"11/12/2019","XX4125 POS PURCHASE KUM &amp; GO #0158 CONWAY AR 04389001 426813","","-$3.26","$1,338.68"
"11/12/2019","XX4125 POS PURCHASE TACO BELL 585 CONWAY AR 006 023033","","-$14.42","$1,324.26"
"11/12/2019","XX4125 POS PURCHASE POPEYES 5733 CONWAY AR 00004360 010496","","-$14.54","$1,309.72"
"11/12/2019","XX4125 POS PURCHASE BOBS GRILL CONWAY AR 02534278 087596","","-$14.72","$1,295.00"
"11/12/2019","XX4125 POS PURCHASE SQ *HURTS DONUT Little Rock AR 00000000 005218","","-$23.87","$1,271.13"
"11/12/2019","XX4125 POS PURCHASE LOST 40 BREWING LITTLE ROCK AR 00B50015 050044","","-$24.73","$1,246.40"
"11/12/2019","XX4125 POS PURCHASE KUM &amp; GO #0158 CONWAY AR 1 010977","","-$28.81","$1,217.59"
"11/12/2019","XX4125 ATM WITHDRAWAL BANK OZK CONWAY AR AR000175 009922","","-$40.00","$1,177.59"
"11/12/2019","XX4125 ATM WITHDRAWAL BANK OZK CONWAY AR AR000175 009923","","-$80.00","$1,097.59"
"11/12/2019","XX4125 ATM WITHDRAWAL BANK OZK CONWAY AR AR000175 009989","","-$80.00","$1,017.59"
"11/12/2019","PAYPAL INST XFER APPLE.COM BILL","","-$99.99","$917.60"
"11/13/2019","XX4125 POS PURCHASE KUM &amp; GO #0158 CONWAY AR 04389001 986165","","-$5.94","$911.66"
"11/14/2019","XX4125 POS PURCHASE MCDONALD&#39;S F3290 CONWAY AR 1 063963","","-$4.45","$907.21"
"11/14/2019","XX4125 POS PURCHASE KUM &amp; GO #0158 CONWAY AR 04389001 166952","","-$6.53","$900.68"
"11/14/2019","XX4125 POS PURCHASE TACO BELL 585 CONWAY AR 006 092137","","-$8.88","$891.80"
"11/15/2019","XX4125 POS PURCHASE MCDONALD&#39;S F3290 CONWAY AR 1 072434","","-$4.45","$887.35"
"11/15/2019","XX4125 POS PURCHASE WAL-MART #2575 CONWAY AR 24257501 090687","","-$79.05","$808.30"
"11/18/2019","XX4125 POS PURCHASE MAPCO 7526 545 E CONWAY AR 99999999 608600","","-$4.77","$803.53"
"11/18/2019","XX4125 POS PURCHASE KUM &amp; GO #0158 CONWAY AR 04389001 495107","","-$6.53","$797.00"
"11/18/2019","XX4125 POS PURCHASE POPEYES 5733 CONWAY AR 00004360 010251","","-$6.66","$790.34"
"11/18/2019","XX4125 POS PURCHASE GULF OIL 9204939 CONWAY AR 94116301 541624","","-$7.17","$783.17"
"11/18/2019","XX4125 POS PURCHASE MCDONALD&#39;S F3290 CONWAY AR 1 039169","","-$7.79","$775.38"
"11/18/2019","XX4125 POS PURCHASE WAL-MART #0005 CONWAY AR 24000501 726392","","-$8.88","$766.50"
"11/18/2019","XX4125 POS PURCHASE KUM &amp; GO #0158 CONWAY AR 04389001 472728","","-$13.67","$752.83"
"11/18/2019","XX4125 POS PURCHASE FLYING FISH LITTLE ROCK AR 00428479 050080","","-$25.81","$727.02"
"11/18/2019","XX4125 POS PURCHASE MAPCO 7526 545 E CONWAY AR 99999999 620357","","-$27.91","$699.11"
"11/18/2019","AMEX EPAYMENT ACH PMT M4472","","-$550.00","$149.11"
"11/20/2019","Merkle Inc.-OSV EDIPYMENTS 002W34","","$1,545.32","$1,694.43"
"11/20/2019","XX4125 POS PURCHASE TACO BUENO CONWAY AR 28770381 070381","","-$11.09","$1,683.34"
"11/20/2019","XX4125 ATM WITHDRAWAL BANK OZK CONWAY AR AR000175 000371","","-$60.00","$1,623.34"
"11/20/2019","CAPITAL ONE MOBILE PMT 932339800575771","","-$35.92","$1,587.42"
"11/21/2019","XX4125 ATM WITHDRAWAL BANK OZK CONWAY AR AR000175 000431","","-$40.00","$1,547.42"
"11/22/2019","XX4125 POS PURCHASE MCDONALD&#39;S F3290 CONWAY AR 1 002408","","-$4.45","$1,542.97"
"11/22/2019","XX4125 POS PURCHASE WENDY&#39;S 51 CONWAY AR 59662009 230207","","-$9.10","$1,533.87"
"11/22/2019","PAYPAL INST XFER MICROSOFT OFFIC","","-$6.99","$1,526.88"
"11/22/2019","PAYPAL INST XFER SPOTIFYUSAI","","-$10.89","$1,515.99"
"11/25/2019","ALLY BANK TRIALCREDT XXXXXX0985","","$0.21","$1,516.20"
"11/25/2019","ALLY BANK TRIALCREDT XXXXXX0983","","$0.37","$1,516.57"
"11/25/2019","XX4125 POS PURCHASE SATTERFIELD #1 CONWAY AR 51312401 441943","","-$2.16","$1,514.41"
"11/25/2019","XX4125 POS PURCHASE MCDONALD&#39;S F3290 CONWAY AR 1 049124","","-$4.45","$1,509.96"
"11/25/2019","XX4125 POS PURCHASE WM SUPERCENTER # CONWAY AR 00050040 137365","","-$9.86","$1,500.10"
"11/25/2019","XX4125 POS PURCHASE SLIM CHICKENS 1 CONWAY AR 00A58791 010270","","-$9.99","$1,490.11"
"11/25/2019","XX4125 POS PURCHASE NARU SUSHI &amp; GRI CONWAY AR 00000001 054952","","-$13.71","$1,476.40"
"11/25/2019","XX4125 ATM WITHDRAWAL BANK OZK CONWAY AR AR000138 005777","","-$20.00","$1,456.40"
"11/25/2019","XX4125 POS PURCHASE WM SUPERCENTER # CONWAY AR 00050048 147754","","-$30.10","$1,426.30"
"11/25/2019","XX4125 POS PURCHASE TMOBILE*AUTO PAY 800-937-8997 WA 00000000 054719","","-$80.00","$1,346.30"
"11/25/2019","XX4125 ATM WITHDRAWAL BANK OZK CONWAY AR AR000138 005776","","-$100.00","$1,246.30"
"11/25/2019","ALLY BANK TRIALDEBIT 1913760987","","-$0.58","$1,245.72"
"11/25/2019","PAYPAL INST XFER APPLE.COM BILL","","-$0.99","$1,244.73"
"11/25/2019","COMCAST 8396600 012460608 8078853","","-$39.99","$1,204.74"
"11/25/2019","PAYPAL INST XFER APPLE.COM BILL","","-$59.99","$1,144.75"
"11/25/2019","BKOZK TRANSFER 1914221871","","-$200.00","$944.75"
"11/25/2019","AMEX EPAYMENT ACH PMT W2738","","-$500.00","$444.75"
"11/26/2019","XX4125 MT DDA CREDIT APPLE CASH Visa Direct CA 03972402 401735","","$79.20","$523.95"
"11/26/2019","XX4125 POS PURCHASE KUM &amp; GO #0158 CONWAY AR 04389001 722776","","-$3.91","$520.04"
"11/26/2019","XX4125 POS PURCHASE EAT MY CATFISH CONWAY AR 0000KZTJ 080062","","-$39.67","$480.37"
"11/26/2019","FEDLOANSERVICING STDNT LOAN 6NM9IIAG211","","-$457.00","$23.37"
"11/27/2019","XX4125 MT DDA CREDIT Cash App*Cash Ou Visa Direct CA 1 320852","","$101.60","$124.97"
"11/27/2019","XX4125 MT DDA DEBIT CASH APP*JACOB H 8774174551 CA 00000000 044361","","-$10.00","$114.97"
"11/29/2019","XX4125 MT DDA DEBIT APPLE CASH 877-233-8552 CA 00000778 016090","","-$80.00","$34.97"
"12/02/2019","CLUB FEES 10 FITNESS ABC - 10 FITNESS 888-827-9262","","-$30.50","$4.47"
"12/05/2019","Merkle Inc.-OSV EDIPYMENTS 002Xk4","","$1,545.32","$1,549.79"
"12/05/2019","XX4125 MT DDA DEBIT CASH APP*DONALD 8774174551 CA 00000000 088002","","-$44.50","$1,505.29"
"12/06/2019","XX4125 MT DDA DEBIT CASH APP*DONALD 8774174551 CA 00000000 084228","","-$345.00","$1,160.29"
"12/09/2019","XX4125 POS PURCHASE WENDY&#39;S 51 CONWAY AR 59662009 052051","","-$9.66","$1,150.63"
"12/09/2019","XX4125 ATM WITHDRAWAL BANK OZK CONWAY AR AR000138 006525","","-$20.00","$1,130.63"
"12/09/2019","XX4125 POS PURCHASE SPORT CLIPS - AR CONWAY AR 51867344 067344","","-$38.37","$1,092.26"
"12/09/2019","XX4125 ATM WITHDRAWAL BANK OZK CONWAY AR AR000138 006587","","-$40.00","$1,052.26"
"12/09/2019","XX4125 POS PURCHASE Wal-Mart Super C CONWAY (SOUTH AR 25750050 9342925","","-$87.03","$965.23"
"12/09/2019","A CLOUD GURU LTD IAT PAYPAL 1007369766855","","-$29.00","$936.23"
"12/13/2019","XX4125 POS PURCHASE WM SUPERCENTER # CONWAY AR 00050041 240729","","-$8.88","$927.35"
"12/13/2019","XX4125 POS PURCHASE WENDY&#39;S 26 CONWAY AR 59423008 874477","","-$10.21","$917.14"
"12/16/2019","XX4125 POS PURCHASE Wal-Mart Super C BRYANT AR 32300028 934814241535","","-$4.35","$912.79"
"12/16/2019","XX4125 POS PURCHASE KUM &amp; GO #0158 CONWAY AR 04389001 367540","","-$6.76","$906.03"
"12/16/2019","XX4125 POS PURCHASE MCDONALD&#39;S F3290 CONWAY AR 1 052537","","-$7.33","$898.70"
"12/16/2019","XX4125 POS PURCHASE MCDONALD&#39;S F3290 CONWAY AR 1 058874","","-$7.33","$891.37"
"12/16/2019","XX4125 POS PURCHASE CHICK-FIL-A #021 BRYANT AR 1 031288","","-$8.66","$882.71"
"12/16/2019","XX4125 POS PURCHASE BEARS DEN PIZZA CONWAY AR 00472809 000288","","-$9.00","$873.71"
"12/16/2019","XX4125 POS PURCHASE KROGER #629 BENTON AR 80062966 066182","","-$15.00","$858.71"
"12/16/2019","XX4125 POS PURCHASE POPEYES 4015 LITTLE ROCK AR 00005364 060105","","-$17.85","$840.86"
"12/16/2019","XX4125 ATM WITHDRAWAL BEARS STATIO-329 CONWAY AR P329528 007514","","-$20.00","$820.86"
"12/16/2019","XX4125 POS PURCHASE PANDA GARDEN BUF LITTLE ROCK AR 79083084 062574","","-$21.98","$798.88"
"12/16/2019","XX4125 POS PURCHASE DOMINO&#39;S 5306 501-753-4111 AR 43015176 015176","","-$22.18","$776.70"
"12/16/2019","XX4125 POS PURCHASE PHILLIPS 66 - PD RUSSELLVILLE AR 21 082929","","-$29.50","$747.20"
"12/16/2019","XX4125 POS PURCHASE KROGER #629 BENTON AR 80062914 514358","","-$33.89","$713.31"
"12/16/2019","XX4125 ATM WITHDRAWAL BANK OZK CONWAY AR AR000175 001564","","-$60.00","$653.31"
"12/16/2019","XX4125 ATM WITHDRAWAL BANK OZK CONWAY AR AR000175 001563","","-$100.00","$553.31"
"12/16/2019","PAYPAL INST XFER APPLE.COM BILL","","-$12.99","$540.32"
"12/16/2019","FEE FOR ATM WITHDRAWAL BEARS STATIO-329 CONWAY AR P329528 007514","","-$1.00","$539.32"
"12/16/2019","ATM SURCHARGE XX4125 ATM WITHDRAWAL BEARS STATIO-329 CONWAY AR P329528 007514","","-$2.95","$536.37"
"12/17/2019","XX4125 POS PURCHASE PAPA JOHN&#39;S #019 918-576-7301 AR 31400430 000430","","-$20.87","$515.50"
"12/17/2019","XX4125 MT DDA DEBIT APPLE CASH 877-233-8552 CA 00000740 082170","","-$150.00","$365.50"
"12/17/2019","XX4125 ATM WITHDRAWAL BANK OZK CONWAY AR AR000175 001623","","-$160.00","$205.50"
"12/19/2019","* Cash App Square Inc William Block","","$164.00","$369.50"
"12/19/2019","XX4125 POS PURCHASE SHELL SERVICE ST CONWAY AR 01575501 961505","","-$3.23","$366.27"
"12/19/2019","XX4125 POS PURCHASE KUM &amp; GO #0158 CONWAY AR 04389001 999661","","-$3.47","$362.80"
"12/19/2019","XX4125 POS PURCHASE MCDONALD&#39;S F3290 CONWAY AR 1 036405","","-$7.33","$355.47"
"12/19/2019","XX4125 POS PURCHASE WAL-MART #2575 CONWAY AR 24257501 109666","","-$93.96","$261.51"
"12/20/2019","Apple Cash TRANSFER William Block","","$350.00","$611.51"
"12/20/2019","Merkle Inc.-OSV EDIPYMENTS 002Yst","","$1,454.50","$2,066.01"
"12/20/2019","XX4125 POS PURCHASE WENDY&#39;S 51 CONWAY AR 59662009 901712","","-$5.09","$2,060.92"
"12/20/2019","XX4125 POS PURCHASE MCDONALD&#39;S F3290 CONWAY AR 1 068475","","-$7.67","$2,053.25"
"12/23/2019","XX4125 POS PURCHASE MCDONALD&#39;S F3290 CONWAY AR 1 014196","","-$6.33","$2,046.92"
"12/23/2019","XX4125 POS PURCHASE TACO BELL 036397 CONWAY AR 0363002 055923","","-$7.77","$2,039.15"
"12/23/2019","XX4125 POS PURCHASE DON PEPES CONWAY AR 02530866 049476","","-$8.66","$2,030.49"
"12/23/2019","XX4125 POS PURCHASE SUBWAY 00 CONWAY AR 002 021633","","-$15.31","$2,015.18"
"12/23/2019","XX4125 POS PURCHASE WAL-MART #0005 CONWAY AR 24000501 534866","","-$17.69","$1,997.49"
"12/23/2019","XX4125 POS PURCHASE TMOBILE*AUTO PAY 800-937-8997 WA 00000000 038154","","-$80.00","$1,917.49"
"12/23/2019","XX4125 POS PURCHASE TJ MAXX #666 655 CONWAY AR 99999999 547383","","-$93.81","$1,823.68"
"12/23/2019","XX4125 POS PURCHASE CONWAY BOAT RV &amp; 501-358-6604 AR 00000000 044546","","-$203.00","$1,620.68"
"12/23/2019","PAYPAL INST XFER MICROSOFT OFFIC","","-$6.99","$1,613.69"
"12/23/2019","PAYPAL INST XFER SPOTIFYUSAI","","-$10.89","$1,602.80"
"12/24/2019","XX4125 POS PURCHASE MCDONALD&#39;S F3290 CONWAY AR 1 017075","","-$7.67","$1,595.13"
"12/24/2019","PAYPAL INST XFER APPLE.COM BILL","","-$0.99","$1,594.14"
"12/26/2019","XX4125 POS PURCHASE KUM &amp; GO #0158 CONWAY AR 04389001 232498","","-$3.47","$1,590.67"
"12/26/2019","XX4125 POS PURCHASE KUM &amp; GO #0158 CONWAY AR 04389001 250667","","-$7.62","$1,583.05"
"12/26/2019","XX4125 POS PURCHASE TACO BELL 036397 CONWAY AR 0363002 093435","","-$7.87","$1,575.18"
"12/26/2019","XX4125 POS PURCHASE KUM &amp; GO #0158 CONWAY AR 04389001 924680","","-$9.32","$1,565.86"
"12/26/2019","XX4125 POS PURCHASE MCDONALD&#39;S F3290 CONWAY AR 1 025694","","-$10.00","$1,555.86"
"12/26/2019","XX4125 POS PURCHASE SHELL SERVICE ST LITTLE ROCK AR 36233801 118444","","-$32.62","$1,523.24"
"12/26/2019","XX4125 POS PURCHASE CATINA LAREDO 19 LITTLE ROCK AR 00000000 067714","","-$58.06","$1,465.18"
"12/26/2019","XX4125 MT DDA DEBIT CASH APP* 8774174551 CA 00000000 086351","","-$60.00","$1,405.18"
"12/26/2019","CAPITAL ONE MOBILE PMT 935839800335385","","-$150.00","$1,255.18"
"12/26/2019","AMEX EPAYMENT ACH PMT M3632","","-$350.00","$905.18"
"12/27/2019","XX4125 POS PURCHASE KUM &amp; GO #0158 CONWAY AR 04389001 158201","","-$7.62","$897.56"
"12/27/2019","XX4125 POS PURCHASE KUM &amp; GO #0158 CONWAY AR 04389001 436833","","-$22.27","$875.29"
"12/27/2019","XX4125 POS PURCHASE Wal-Mart Super C CONWAY (SOUTH AR 25750008 9361065","","-$24.37","$850.92"
"12/30/2019","XX4125 ATM WITHDRAWAL BANK OF AMERICA DALLAS TX ITXH3586 617735","","-$100.00","$750.92"
"12/30/2019","PAYPAL INST XFER UBER","","-$1.00","$749.92"
"12/30/2019","PAYPAL INST XFER UBER","","-$1.00","$748.92"
"12/30/2019","PAYPAL INST XFER UBER","","-$7.64","$741.28"
"12/30/2019","PAYPAL INST XFER UBER","","-$11.76","$729.52"
"12/30/2019","PAYPAL INST XFER UBER","","-$23.91","$705.61"
"12/30/2019","FEE FOR ATM WITHDRAWAL BANK OF AMERICA DALLAS TX ITXH3586 617735","","-$1.00","$704.61"
"12/30/2019","ATM SURCHARGE XX4125 ATM WITHDRAWAL BANK OF AMERICA DALLAS TX ITXH3586 617735","","-$3.00","$701.61"
"12/31/2019","XX4125 POS PURCHASE MCDONALD&#39;S F3290 CONWAY AR 1 009315","","-$7.67","$693.94"
"12/31/2019","XX4125 POS PURCHASE KROGER #625 CONWAY AR 80062524 524241","","-$20.02","$673.92"
"01/02/2020","XX4125 POS PURCHASE KUM &amp; GO #0158 CONWAY AR 04389001 895456","","-$9.06","$664.86"
"01/02/2020","XX4125 POS PURCHASE Wal-Mart Super C CONWAY AR 00050039 000171011627","","-$14.55","$650.31"
"01/02/2020","XX4125 POS PURCHASE KROGER #625 CONWAY AR 80062513 513933","","-$24.64","$625.67"
"01/02/2020","XX4125 POS PURCHASE WAL-MART #0005 CONWAY AR 24000501 823158","","-$30.00","$595.67"
"01/02/2020","CLUB FEES 10 FITNESS ABC - 10 FITNESS 888-827-9262","","-$30.50","$565.17"
"01/03/2020","Merkle Inc.-OSV EDIPYMENTS 002aGW","","$1,452.65","$2,017.82"
"01/06/2020","Square Inc * Cash App T200184786447","","$60.00","$2,077.82"
"01/06/2020","XX4125 POS PURCHASE KROGER #625 CONWAY AR 80062538 038050","","-$5.72","$2,072.10"
"01/06/2020","XX4125 POS PURCHASE WENDY&#39;S 51 CONWAY AR 59662009 887614","","-$7.86","$2,064.24"
"01/06/2020","XX4125 POS PURCHASE KUM &amp; GO #0158 CONWAY AR 04389001 194805","","-$8.89","$2,055.35"
"01/06/2020","XX4125 POS PURCHASE KUM &amp; GO #0158 CONWAY AR 04389001 620879","","-$18.75","$2,036.60"
"01/06/2020","XX4125 POS PURCHASE KROGER #625 CONWAY AR 80062520 520191","","-$30.34","$2,006.26"
"01/06/2020","XX4125 MT DDA DEBIT CASH APP*DONALD 8774174551 CA 00000000 081113","","-$330.00","$1,676.26"
"01/07/2020","XX4125 ATM WITHDRAWAL BANK OZK LITTLE ROCK AR AR000098 001156","","-$60.00","$1,616.26"
"01/07/2020","XX4125 ATM WITHDRAWAL BANK OZK LITTLE ROCK AR AR000098 001155","","-$100.00","$1,516.26"
"01/07/2020","A CLOUD GURU LTD IAT PAYPAL 1007662196199","","-$29.00","$1,487.26"
"01/08/2020","XX4125 POS PURCHASE KUM &amp; GO #0158 CONWAY AR 04389001 903886","","-$9.06","$1,478.20"
"01/08/2020","XX4125 POS PURCHASE KUM &amp; GO #0158 CONWAY AR 04389001 683736","","-$31.73","$1,446.47"
"01/09/2020","XX4125 POS PURCHASE KROGER #625 CONWAY AR 80062510 510279","","-$18.47","$1,428.00"
"01/09/2020","XX4125 POS PURCHASE WM SUPERCENTER # CONWAY (SOUTH AR 25750044 639338","","-$60.98","$1,367.02"
"01/10/2020","XX4125 POS PURCHASE KUM &amp; GO #0158 CONWAY AR 04389001 884791","","-$12.68","$1,354.34"
"01/13/2020","XX4125 POS PURCHASE WENDY&#39;S 51 CONWAY AR 59662009 437546","","-$10.82","$1,343.52"
"01/13/2020","XX4125 POS PURCHASE SPORT CLIPS - AR CONWAY AR 45522856 022856","","-$23.00","$1,320.52"
"01/13/2020","XX4125 POS PURCHASE KROGER #625 CONWAY AR 80062513 513888","","-$38.98","$1,281.54"
"01/13/2020","XX4125 POS PURCHASE WAL-MART #2575 CONWAY AR 24257501 117641","","-$68.38","$1,213.16"
"01/14/2020","XX4125 POS PURCHASE WAL-MART #2575 CONWAY AR 24257501 433945","","-$3.67","$1,209.49"
"01/14/2020","XX4125 POS PURCHASE IRIANA`S PIZZA LITTLE ROCK AR 00000000 024335","","-$7.98","$1,201.51"
"01/14/2020","XX4125 ATM WITHDRAWAL FSNB CONWAY AR AR000401 003845","","-$80.00","$1,121.51"
"01/14/2020","CAPITAL ONE MOBILE PMT 001339800248979","","-$150.00","$971.51"
"01/14/2020","FEDLOANSERVICING STDNT LOAN 6NPGCNTSCG1","","-$457.00","$514.51"
"01/14/2020","FEE FOR ATM WITHDRAWAL FSNB CONWAY AR AR000401 003845","","-$1.00","$513.51"
"01/14/2020","ATM SURCHARGE XX4125 ATM WITHDRAWAL FSNB CONWAY AR AR000401 003845","","-$3.50","$510.01"
"01/15/2020","XX4125 POS PURCHASE SLIM CHICKENS 1 CONWAY AR 00C39643 010227","","-$20.37","$489.64"
"01/16/2020","XX4125 POS PURCHASE KROGER #625 CONWAY AR 80062520 520294","","-$23.07","$466.57"
"01/17/2020","Merkle Inc.-OSV EDIPYMENTS 002bOP","","$1,452.65","$1,919.22"
"01/17/2020","XX4125 POS PURCHASE WM SUPERCENTER # CONWAY AR 00050040 328545","","-$8.49","$1,910.73"
"01/17/2020","XX4125 POS PURCHASE WM SUPERCENTER # CONWAY AR 00050050 856916","","-$14.57","$1,896.16"
"01/21/2020","Apple Cash TRANSFER William Block","","$50.00","$1,946.16"
"01/21/2020","XX4125 POS PURCHASE KUM &amp; GO #0158 CONWAY AR 04389001 168840","","-$4.81","$1,941.35"
"01/21/2020","XX4125 POS PURCHASE MCDONALD&#39;S F2991 CONWAY AR 1 029433","","-$5.57","$1,935.78"
"01/21/2020","XX4125 POS PURCHASE WENDY&#39;S 51 CONWAY AR 59662009 843487","","-$9.16","$1,926.62"
"01/21/2020","XX4125 POS PURCHASE TACO BELL 036397 CONWAY AR 0363002 063137","","-$11.09","$1,915.53"
"01/21/2020","XX4125 POS PURCHASE Wal-Mart Super C CONWAY AR 00050045 002044851245","","-$22.88","$1,892.65"
"01/21/2020","XX4125 MT DDA DEBIT APPLE CASH 1INFINITELOOP CA 00000780 016249","","-$50.00","$1,842.65"
"01/21/2020","XX4125 POS PURCHASE WM SUPERCENTER # CONWAY (SOUTH AR 25750044 742227","","-$74.99","$1,767.66"
"01/21/2020","XX4125 ATM WITHDRAWAL BANK OZK CONWAY AR AR000175 003145","","-$180.00","$1,587.66"
"01/21/2020","AMEX EPAYMENT ACH PMT M1992","","-$396.47","$1,191.19"
"01/22/2020","Square Inc * Cash App T200189724783","","$41.00","$1,232.19"
"01/22/2020","XX4125 POS PURCHASE STARBUCKS STORE CONWAY AR 00000000 048107","","-$9.89","$1,222.30"
"01/22/2020","XX4125 POS PURCHASE KROGER #625 CONWAY AR 80062511 511030","","-$10.89","$1,211.41"
"01/22/2020","XX4125 POS PURCHASE KROGER #625 CONWAY AR 80062513 513788","","-$52.71","$1,158.70"
"01/22/2020","PAYPAL INST XFER SPOTIFYUSAI","","-$10.89","$1,147.81"
"01/22/2020","CAPITAL ONE MOBILE PMT 002139800062078","","-$200.00","$947.81"
"01/23/2020","XX4125 POS PURCHASE KUM &amp; GO #0158 CONWAY AR 04389001 650341","","-$35.29","$912.52"
"01/23/2020","XX4125 POS PURCHASE TMOBILE*AUTO PAY 800-937-8997 WA 00000000 009784","","-$80.00","$832.52"
"01/24/2020","XX4125 POS PURCHASE MCDONALD&#39;S F3290 CONWAY AR 1 075931","","-$7.67","$824.85"
"01/24/2020","PAYPAL INST XFER APPLE.COM BILL","","-$0.99","$823.86"
"01/24/2020","AMEX EPAYMENT ACH PMT M9514","","-$27.19","$796.67"
"01/27/2020","XX4125 POS PURCHASE MURPHY6799ATWALM CONWAY AR 0927001 019720","","-$12.07","$784.60"
"01/27/2020","XX4125 POS PURCHASE CHICK-FIL-A #032 CONWAY AR 1 026378","","-$15.60","$769.00"
"01/27/2020","XX4125 POS PURCHASE KROGER #625 CONWAY AR 80062525 525909","","-$62.88","$706.12"
"01/27/2020","XX4125 POS PURCHASE Wal-Mart Super C CONWAY (SOUTH AR 25750045 0026254","","-$113.15","$592.97"
"01/27/2020","XX4125 POS PURCHASE WAL-MART #2575 CONWAY AR 24257501 040669","","-$171.68","$421.29"
"01/28/2020","Square Inc * Cash App T200191107858","","$6.00","$427.29"
"01/29/2020","XX4125 POS PURCHASE MCDONALD&#39;S F2991 CONWAY AR 1 098490","","-$9.10","$418.19"
"02/03/2020","XX4125 MT DDA CREDIT Cash App*Cash Ou Visa Direct CA 1 214438","","$12.75","$430.94"
"02/03/2020","XX4125 MT DDA DEBIT CASH APP*DONALD 8774174551 CA 00000000 044948","","-$107.00","$323.94"
"02/03/2020","XX4125 MT DDA DEBIT CASH APP*OSIRIS 8774174551 CA 00000000 075866","","-$295.00","$28.94"
"02/03/2020","CLUB FEES 10 FITNESS ABC - 10 FITNESS 888-827-9262","","-$30.50","-$1.56"
"02/05/2020","Merkle Inc.-OSV EDIPYMENTS 002cX5","","$1,452.65","$1,451.09"
"02/05/2020","XX4125 POS PURCHASE KUM &amp; GO #0158 CONWAY AR 04389001 615508","","-$8.11","$1,442.98"
"02/06/2020","XX4125 POS PURCHASE WM SUPERCENTER # CONWAY AR 31680047 201906","","-$17.09","$1,425.89"
"02/07/2020","XX4125 POS PURCHASE TACO BELL 036397 CONWAY AR 0363002 024578","","-$5.53","$1,420.36"
"02/07/2020","A CLOUD GURU LTD IAT PAYPAL 1007941084552","","-$29.00","$1,391.36"
"02/10/2020","XX4125 POS PURCHASE MURPHY6799ATWALM CONWAY AR 92707401 916154","","-$1.41","$1,389.95"
"02/10/2020","XX4125 POS PURCHASE WENDY&#39;S 51 CONWAY AR 59662009 900151","","-$5.53","$1,384.42"
"02/10/2020","XX4125 POS PURCHASE SONIC DRIVE IN # CONWAY AR 1 072896","","-$6.21","$1,378.21"
"02/10/2020","XX4125 POS PURCHASE ANDYS FROZEN CUS CONWAY AR 00C40406 010227","","-$7.88","$1,370.33"
"02/10/2020","XX4125 POS PURCHASE KROGER #625 CONWAY AR 80062512 512217","","-$13.43","$1,356.90"
"02/10/2020","XX4125 POS PURCHASE SPORT CLIPS - AR CONWAY AR 47355651 055651","","-$22.00","$1,334.90"
"02/10/2020","XX4125 POS PURCHASE KROGER #625 CONWAY AR 80062512 512184","","-$28.70","$1,306.20"
"02/10/2020","XX4125 POS PURCHASE MURPHY6799ATWALM CONWAY AR 92707401 842384","","-$32.89","$1,273.31"
"02/10/2020","PAYPAL INST XFER APPLE.COM BILL","","-$29.99","$1,243.32"
"02/11/2020","XX4125 POS PURCHASE TACO BELL 036397 CONWAY AR 0363002 008281","","-$5.53","$1,237.79"
"02/11/2020","XX4125 POS PURCHASE THE INDIAN FEAST LITTLE ROCK AR 02479259 006954","","-$9.98","$1,227.81"
"02/11/2020","XX4125 POS PURCHASE Sekisui of Littl 501-2217070 AR 70701770 020479","","-$16.28","$1,211.53"
"02/12/2020","XX4125 POS PURCHASE MCDONALD&#39;S F3290 CONWAY AR 1 054899","","-$5.44","$1,206.09"
"02/12/2020","XX4125 POS PURCHASE THE INDIAN FEAST LITTLE ROCK AR 02479259 069289","","-$11.00","$1,195.09"
"02/12/2020","XX4125 POS PURCHASE KROGER #625 CONWAY AR 80062520 520401","","-$30.42","$1,164.67"
"02/13/2020","XX4125 POS PURCHASE MAPCO 7526 545 E CONWAY AR 99999999 126759","","-$11.30","$1,153.37"
"02/14/2020","XX4125 POS PURCHASE THE INDIAN FEAST LITTLE ROCK AR 02479259 085987","","-$9.98","$1,143.39"
"02/14/2020","XX4125 POS PURCHASE KROGER #625 CONWAY AR 80062524 524236","","-$33.74","$1,109.65"
"02/18/2020","XX4125 POS PURCHASE MCDONALD&#39;S F2991 CONWAY AR 1 068069","","-$3.89","$1,105.76"
"02/18/2020","XX4125 POS PURCHASE MCDONALD&#39;S F2991 CONWAY AR 1 068198","","-$3.89","$1,101.87"
"02/18/2020","XX4125 POS PURCHASE WAL-MART #0005 CONWAY AR 24000501 901043","","-$4.00","$1,097.87"
"02/18/2020","XX4125 POS PURCHASE KROGER #625 CONWAY AR 80062525 525555","","-$4.92","$1,092.95"
"02/18/2020","XX4125 POS PURCHASE STARBUCKS STORE CONWAY AR 00000000 053930","","-$5.17","$1,087.78"
"02/18/2020","XX4125 POS PURCHASE KROGER #625 CONWAY AR 80062513 513070","","-$10.66","$1,077.12"
"02/18/2020","XX4125 POS PURCHASE WAL-MART #3168 CONWAY AR 24316801 392508","","-$11.20","$1,065.92"
"02/18/2020","XX4125 POS PURCHASE KROGER #625 CONWAY AR 80062513 513883","","-$14.52","$1,051.40"
"02/18/2020","XX4125 POS PURCHASE SONIC DRIVE IN # CONWAY AR 1 001317","","-$16.54","$1,034.86"
"02/18/2020","XX4125 MT DDA DEBIT CASH APP*JACOB H 8774174551 CA 00000000 003816","","-$40.00","$994.86"
"02/18/2020","XX4125 MT DDA DEBIT CASH APP*DONALD 8774174551 CA 00000000 090038","","-$95.00","$899.86"
"02/18/2020","AMEX EPAYMENT ACH PMT M4340","","-$600.00","$299.86"
"02/19/2020","XX4125 POS PURCHASE WENDY&#39;S 51 CONWAY AR 59662009 877506","","-$10.99","$288.87"
"02/20/2020","Merkle Inc.-OSV EDIPYMENTS 002dtN","","$1,452.66","$1,741.53"
"02/20/2020","XX4125 POS PURCHASE MCDONALD&#39;S F2991 CONWAY AR 1 085060","","-$7.65","$1,733.88"
"02/20/2020","XX4125 POS PURCHASE WM SUPERCENTER # CONWAY AR 00050049 256431","","-$15.66","$1,718.22"
"02/21/2020","XX4125 POS PURCHASE MCDONALD&#39;S F2991 CONWAY AR 1 091688","","-$9.54","$1,708.68"
"02/21/2020","XX4125 POS PURCHASE THE INDIAN FEAST LITTLE ROCK AR 02479259 083275","","-$9.98","$1,698.70"
"02/21/2020","XX4125 POS PURCHASE KUM &amp; GO #0158 CONWAY AR 04389001 698756","","-$13.30","$1,685.40"
"02/24/2020","XX4125 POS PURCHASE WENDY&#39;S 51 CONWAY AR 59662009 152514","","-$5.53","$1,679.87"
"02/24/2020","XX4125 POS PURCHASE SUBWAY 00 CONWAY AR 001 028133","","-$8.44","$1,671.43"
"02/24/2020","XX4125 POS PURCHASE COLD STONE CREAM LITTLE ROCK AR 48638741 038741","","-$10.16","$1,661.27"
"02/24/2020","XX4125 POS PURCHASE WAL-MART #2575 CONWAY AR 24257501 697780","","-$25.40","$1,635.87"
"02/24/2020","XX4125 POS PURCHASE SAMS CLUB #4749 CONWAY AR 47490095 763529","","-$27.08","$1,608.79"
"02/24/2020","XX4125 POS PURCHASE KUM &amp; GO #0158 CONWAY AR 04389001 360054","","-$33.59","$1,575.20"
"02/24/2020","XX4125 POS PURCHASE WAL-MART #2575 CONWAY AR 24257501 678178","","-$44.88","$1,530.32"
"02/24/2020","XX4125 POS PURCHASE KROGER #625 CONWAY AR 80062525 525108","","-$54.13","$1,476.19"
"02/24/2020","XX4125 POS PURCHASE TMOBILE*AUTO PAY 800-937-8997 WA 00000000 025092","","-$80.00","$1,396.19"
"02/24/2020","XX4125 MT DDA DEBIT CASH APP*OSIRIS 8774174551 CA 00000000 049103","","-$115.14","$1,281.05"
"02/24/2020","PAYPAL INST XFER APPLE.COM BILL","","-$0.99","$1,280.06"
"02/24/2020","PAYPAL INST XFER SPOTIFYUSAI","","-$10.89","$1,269.17"
"02/24/2020","AMEX EPAYMENT ACH PMT M0790","","-$30.82","$1,238.35"
"02/24/2020","CAPITAL ONE MOBILE PMT 005339800475611","","-$186.08","$1,052.27"
"02/25/2020","XX4125 POS PURCHASE SUBWAY 00 CONWAY AR 001 085437","","-$9.32","$1,042.95"
"02/25/2020","XX4125 POS PURCHASE KROGER #625 CONWAY AR 80062510 510268","","-$70.90","$972.05"
"02/25/2020","XX4125 ATM WITHDRAWAL BANK OZK CONWAY AR AR000175 004813","","-$140.00","$832.05"
"02/28/2020","XX4125 POS PURCHASE THE INDIAN FEAST LITTLE ROCK AR 02479259 011766","","-$9.98","$822.07"
"03/02/2020","XX4125 POS PURCHASE CASEYS GEN STORE FAYETTEVILLE AR 99999999 007607","","-$2.47","$819.60"
"03/02/2020","XX4125 POS PURCHASE CASEYS GEN STORE FAYETTEVILLE AR 99999999 252015","","-$4.53","$815.07"
"03/02/2020","XX4125 POS PURCHASE SIMMONS QUIK STO MOUNTAINBURG AR 00705139 040026","","-$5.38","$809.69"
"03/02/2020","XX4125 POS PURCHASE PDQ NORTH RUSSELLVILLE AR 0002QI15 858256","","-$5.39","$804.30"
"03/02/2020","XX4125 POS PURCHASE WALGREENS STORE CONWAY AR 99999999 305777","","-$5.99","$798.31"
"03/02/2020","XX4125 POS PURCHASE DUNKIN #351542 BENTONVILLE AR 005 066182","","-$10.19","$788.12"
"03/02/2020","XX4125 POS PURCHASE KROGER #625 CONWAY AR 80062542 542920","","-$133.25","$654.87"
"03/02/2020","XX4125 MT DDA DEBIT CASH APP*OSIRIS 8774174551 CA 00000000 003014","","-$295.00","$359.87"
"03/02/2020","CLUB FEES 10 FITNESS ABC - 10 FITNESS 888-827-9262","","-$30.50","$329.37"
"03/03/2020","XX4125 POS PURCHASE PHO THANH LLC BENTONVILLE AR 00000000 086901","","-$17.87","$311.50"
"03/04/2020","XX4125 POS PURCHASE DON PEPES CONWAY AR 02530866 056264","","-$8.66","$302.84"
"03/04/2020","PAYPAL INST XFER APPLE.COM BILL","","-$7.49","$295.35"
"03/05/2020","Merkle Inc.-OSV EDIPYMENTS 002eom","","$1,463.11","$1,758.46"
"03/05/2020","XX4125 POS PURCHASE SUBWAY 00 CONWAY AR 001 074475","","-$8.44","$1,750.02"
"03/05/2020","XX4125 POS PURCHASE KUM &amp; GO #0158 CONWAY AR 04389001 359756","","-$13.81","$1,736.21"
"03/06/2020","XX4125 POS PURCHASE WM SUPERCENTER # CONWAY AR 00050041 051777","","-$59.11","$1,677.10"
"03/09/2020","XX4125 POS PURCHASE WENDY&#39;S 51 CONWAY AR 59662009 691284","","-$2.54","$1,674.56"
"03/09/2020","XX4125 POS PURCHASE GULF OIL 9204941 CONWAY AR 94116601 111766","","-$3.90","$1,670.66"
"03/09/2020","XX4125 POS PURCHASE GULF OIL 9204941 CONWAY AR 94116601 111661","","-$4.64","$1,666.02"
"03/09/2020","XX4125 POS PURCHASE KUM &amp; GO #0158 CONWAY AR 04389001 680177","","-$7.49","$1,658.53"
"03/09/2020","XX4125 POS PURCHASE WALGREENS STORE CONWAY AR 99999999 449925","","-$8.36","$1,650.17"
"03/09/2020","XX4125 POS PURCHASE THE INDIAN FEAST LITTLE ROCK AR 02479259 030891","","-$9.98","$1,640.19"
"03/09/2020","XX4125 POS PURCHASE STARBUCKS STORE CONWAY AR 00000000 001996","","-$11.89","$1,628.30"
"03/09/2020","XX4125 POS PURCHASE SERRANO&#39;S MEXICA CONWAY AR 3 018478","","-$13.94","$1,614.36"
"03/09/2020","XX4125 ATM WITHDRAWAL BEARS STATIO-329 CONWAY AR P329528 008008","","-$20.00","$1,594.36"
"03/09/2020","XX4125 POS PURCHASE MURPHY6799ATWALM CONWAY AR 92707401 843581","","-$30.33","$1,564.03"
"03/09/2020","XX4125 POS PURCHASE U-HAULLEES AUTO CONWAY AR 68441228 041228","","-$36.19","$1,527.84"
"03/09/2020","XX4125 POS PURCHASE WAL-MART #2575 CONWAY AR 24257501 268209","","-$37.01","$1,490.83"
"03/09/2020","XX4125 POS PURCHASE O&#39;REILLY AUTO PA CONWAY AR 52990201 665381","","-$38.18","$1,452.65"
"03/09/2020","XX4125 POS PURCHASE KROGER #625 CONWAY AR 80062511 511509","","-$49.39","$1,403.26"
"03/09/2020","XX4125 POS PURCHASE SAM&#39;S Club CONWAY AR 47490003 006875022158","","-$113.22","$1,290.04"
"03/09/2020","XX4125 ATM WITHDRAWAL BANK OZK CONWAY AR AR000175 005528","","-$160.00","$1,130.04"
"03/09/2020","A CLOUD GURU LTD IAT PAYPAL 1008212683851","","-$29.00","$1,101.04"
"03/09/2020","FEE FOR ATM WITHDRAWAL BEARS STATIO-329 CONWAY AR P329528 008008","","-$1.00","$1,100.04"
"03/09/2020","ATM SURCHARGE XX4125 ATM WITHDRAWAL BEARS STATIO-329 CONWAY AR P329528 008008","","-$2.95","$1,097.09"
"03/10/2020","PAYPAL INST XFER APPLE.COM BILL","","-$29.99","$1,067.10"
"03/11/2020","XX4125 POS PURCHASE KROGER #625 CONWAY AR 80062531 031500","","-$3.26","$1,063.84"
"03/12/2020","XX4125 POS PURCHASE MCDONALD&#39;S F2991 CONWAY AR 1 003823","","-$4.45","$1,059.39"
"03/13/2020","XX4125 POS PURCHASE SUBWAY 00 CONWAY AR 001 021663","","-$8.44","$1,050.95"
"03/13/2020","XX4125 POS PURCHASE WM SUPERCENTER # CONWAY AR 00050040 627356","","-$19.00","$1,031.95"
"03/16/2020","XX4125 MT DDA DEBIT CASH APP* 8774174551 CA 00000000 058711","","-$150.00","$881.95"
"03/17/2020","Square Inc * Cash App T200207349369","","$35.00","$916.95"
"03/20/2020","Merkle Inc.-OSV EDIPYMENTS 002gXV","","$1,463.11","$2,380.06"
"03/20/2020","XX4125 ATM WITHDRAWAL BANK OZK CONWAY AR AR000175 005963","","-$160.00","$2,220.06"
"03/23/2020","XX4125 POS PURCHASE TMOBILE*AUTO PAY 800-937-8997 WA 00000000 088264","","-$80.00","$2,140.06"
"03/23/2020","PAYPAL INST XFER SPOTIFYUSAI","","-$10.89","$2,129.17"
"03/23/2020","AMEX EPAYMENT ACH PMT M4760","","-$393.82","$1,735.35"
"03/24/2020","PAYPAL INST XFER APPLE.COM BILL","","-$0.99","$1,734.36"
"03/24/2020","PAYPAL INST XFER APPLE.COM BILL","","-$6.99","$1,727.37"
"03/25/2020","Square Inc * Cash App T200210139404","","$9.00","$1,736.37"
"03/26/2020","Square Inc * Cash App T200210330668","","$9.50","$1,745.87"
"03/30/2020","XX4125 POS PURCHASE SUBWAY 00 CONWAY AR 002 036102","","-$4.88","$1,740.99"
"03/30/2020","XX4125 POS PURCHASE SONIC DRIVE IN # CONWAY AR 1 094957","","-$12.65","$1,728.34"
"03/30/2020","XX4125 POS PURCHASE SAMSCLUB #4749 CONWAY AR 24474901 599214","","-$17.99","$1,710.35"
"03/30/2020","XX4125 ATM WITHDRAWAL BANK OZK CONWAY AR AR000175 006270","","-$20.00","$1,690.35"
"03/30/2020","XX4125 POS PURCHASE SLIM CHICKENS 1 CONWAY AR 00C39643 010045","","-$23.43","$1,666.92"
"03/30/2020","XX4125 MT DDA DEBIT CASH APP*OSIRIS 8774174551 CA 00000000 076939","","-$93.05","$1,573.87"
"03/30/2020","XX4125 ATM WITHDRAWAL BANK OZK CONWAY AR AR000175 006269","","-$100.00","$1,473.87"
"03/30/2020","XX4125 MT DDA DEBIT CASH APP*OSIRIS 8774174551 CA 00000000 083259","","-$295.00","$1,178.87"
"03/30/2020","PAYPAL INST XFER APPLE.COM BILL","","-$15.98","$1,162.89"
"03/30/2020","CAPITAL ONE MOBILE PMT 008739800483515","","-$300.00","$862.89"
"04/01/2020","PAYPAL INST XFER APPLE.COM BILL","","-$39.99","$822.90"
"04/02/2020","PAYPAL INST XFER APPLE.COM BILL","","-$14.99","$807.91"
"04/02/2020","CLUB FEES 10 FITNESS ABC - 10 FITNESS 888-827-9262","","-$30.50","$777.41"
"04/03/2020","Merkle Inc.-OSV EDIPYMENTS 002hET","","$1,463.11","$2,240.52"
"04/06/2020","XX4125 MT DDA DEBIT CASH APP*OSIRIS 8774174551 CA 00000000 050062","","-$2.50","$2,238.02"
"04/06/2020","XX4125 POS PURCHASE WAL-MART #0005 CONWAY AR 24000501 919842","","-$5.70","$2,232.32"
"04/06/2020","XX4125 POS PURCHASE ANDYS FROZEN CUS CONWAY AR 00C40406 010247","","-$7.88","$2,224.44"
"04/06/2020","XX4125 POS PURCHASE MCDONALD&#39;S F3290 CONWAY AR 1 043486","","-$8.33","$2,216.11"
"04/06/2020","XX4125 POS PURCHASE Wal-Mart Super C CONWAY AR 00050046 009789351779","","-$55.87","$2,160.24"
"04/06/2020","XX4125 POS PURCHASE WM SUPERCENTER # CONWAY AR 00050041 220030","","-$67.60","$2,092.64"
"04/06/2020","XX4125 POS PURCHASE WM SUPERCENTER # CONWAY AR 00050049 232180","","-$88.32","$2,004.32"
"04/06/2020","PAYPAL INST XFER NEWEGGCOM","","-$11.96","$1,992.36"
"04/06/2020","PAYPAL INST XFER MICROSOFT STORE","","-$99.00","$1,893.36"
"04/07/2020","XX4125 ATM WITHDRAWAL BANK OZK CONWAY AR AR000175 006599","","-$80.00","$1,813.36"
"04/07/2020","XX4125 ATM WITHDRAWAL BANK OZK CONWAY AR AR000175 006598","","-$200.00","$1,613.36"
"04/07/2020","A CLOUD GURU LTD IAT PAYPAL 1008517015814","","-$29.00","$1,584.36"
"04/07/2020","CAPITAL ONE ONLINE PMT 009739910704489","","-$500.00","$1,084.36"
"04/07/2020","AMEX EPAYMENT ACH PMT W9692","","-$532.00","$552.36"
"04/08/2020","Square Inc * Cash App T200214473740","","$190.00","$742.36"
"04/08/2020","PAYPAL INST XFER NEWEGGCOM","","-$127.69","$614.67"
"04/10/2020","PAYPAL INST XFER APPLE.COM BILL","","-$29.99","$584.68"
"04/13/2020","XX4125 MT DDA DEBIT CASH APP*OSIRIS 8774174551 CA 00000000 019343","","-$51.00","$533.68"
"04/13/2020","PAYPAL INST XFER MICROSOFT STORE","","-$99.00","$434.68"
"04/13/2020","PAYPAL INST XFER MICROSOFT STORE","","-$139.00","$295.68"
"04/20/2020","Merkle Inc.-OSV EDIPYMENTS 002ias","","$1,431.19","$1,726.87"
"04/20/2020","XX4125 POS PURCHASE ANDYS FROZEN CUS CONWAY AR 00C40406 010088","","-$13.42","$1,713.45"
"04/20/2020","XX4125 MT DDA DEBIT CASH APP*OSIRIS 8774174551 CA 00000000 056724","","-$19.00","$1,694.45"
"04/20/2020","XX4125 POS PURCHASE KROGER 5625 501-329-3628 AR 12013990 013990","","-$66.71","$1,627.74"
"04/20/2020","CAPITAL ONE MOBILE PMT 010939800695743","","-$200.00","$1,427.74"
"04/22/2020","PAYPAL INST XFER SPOTIFYUSAI","","-$10.89","$1,416.85"
"04/22/2020","CAPITAL ONE MOBILE PMT 011239800065588","","-$200.00","$1,216.85"
"04/23/2020","XX4125 POS PURCHASE THRONEBERRY FAMI CONWAY AR 01515157 021175","","-$34.70","$1,182.15"
"04/23/2020","XX4125 POS PURCHASE TMOBILE*AUTO PAY 800-937-8997 WA 00000000 091207","","-$80.00","$1,102.15"
"04/23/2020","CAPITAL ONE MOBILE PMT 011339800332908","","-$262.20","$839.95"
"04/24/2020","XX4125 MT DDA DEBIT CASH APP*DONALD 8774174551 CA 00000000 024451","","-$15.00","$824.95"
"04/24/2020","PAYPAL INST XFER APPLE.COM BILL","","-$0.99","$823.96"
"04/24/2020","PAYPAL INST XFER APPLE.COM BILL","","-$6.99","$816.97"
"04/24/2020","AMEX EPAYMENT ACH PMT M2152","","-$100.00","$716.97"
"04/27/2020","XX4125 POS PURCHASE KROGER FUEL #562 CONWAY AR 80562510 100447","","-$2.73","$714.24"
"04/27/2020","XX4125 POS PURCHASE MCDONALD&#39;S F2991 CONWAY AR 1 053097","","-$3.89","$710.35"
"04/27/2020","XX4125 POS PURCHASE MCDONALD&#39;S F3290 CONWAY AR 1 049280","","-$7.77","$702.58"
"04/27/2020","XX4125 POS PURCHASE SONIC DRIVE IN # CONWAY AR 1 084280","","-$23.63","$678.95"
"04/27/2020","XX4125 POS PURCHASE DQ BRAZIER #4319 CONWAY AR 00019738 010034","","-$32.18","$646.77"
"04/28/2020","XX4125 POS PURCHASE MCDONALD&#39;S F2991 CONWAY AR 1 085819","","-$7.67","$639.10"
"04/29/2020","XX4125 POS PURCHASE MCDONALD&#39;S F2991 CONWAY AR 1 093939","","-$13.43","$625.67"
"04/29/2020","PAYPAL INST XFER APPLE.COM BILL","","-$12.99","$612.68"
"04/30/2020","XX4125 MT DDA CREDIT Cash App*Cash Ou Visa Direct CA 1 316143","","$31.52","$644.20"
"04/30/2020","XX4125 POS PURCHASE MCDONALD&#39;S F2991 CONWAY AR 1 022589","","-$10.10","$634.10"
"04/30/2020","XX4125 MT DDA DEBIT CASH APP*OSIRIS 8774174551 CA 00000000 006664","","-$297.00","$337.10"
"05/01/2020","XX4125 MT DDA DEBIT CASH APP*OSIRIS 8774174551 CA 00000000 076653","","-$125.00","$212.10"
"05/01/2020","XX4125 MT DDA DEBIT CASH APP*JACOB G 8774174551 CA 00000000 040213","","-$150.00","$62.10"
"05/04/2020","XX4125 MT DDA CREDIT Cash App*Cash Ou Visa Direct CA 1 252226","","$15.75","$77.85"
"05/04/2020","XX4125 POS PURCHASE MCDONALD&#39;S F2991 CONWAY AR 1 060786","","-$5.44","$72.41"
"05/04/2020","PAYPAL INST XFER APPLE.COM BILL","","-$14.99","$57.42"
"05/05/2020","Merkle Inc.-OSV EDIPYMENTS 002k9I","","$1,431.18","$1,488.60"
"05/07/2020","A CLOUD GURU LTD IAT PAYPAL 1008867641079","","-$29.00","$1,459.60"
"05/08/2020","XX4125 MT DDA DEBIT CASH APP*OSIRIS 8774174551 CA 00000000 029748","","-$10.00","$1,449.60"
"05/08/2020","XX4125 POS PURCHASE MCDONALD&#39;S F2991 CONWAY AR 1 046376","","-$10.10","$1,439.50"
"05/11/2020","XX4125 POS PURCHASE ANDYS FROZEN CUS CONWAY AR 00C40406 010191","","-$7.55","$1,431.95"
"05/11/2020","XX4125 MT DDA DEBIT CASH APP*OSIRIS 8774174551 CA 00000000 010758","","-$8.00","$1,423.95"
"05/11/2020","XX4125 POS PURCHASE TACO BELL 036397 CONWAY AR 0363002 053280","","-$11.76","$1,412.19"
"05/11/2020","XX4125 POS PURCHASE CHICKEN EXPRESS CONWAY AR 05865633 065633","","-$13.05","$1,399.14"
"05/11/2020","XX4125 POS PURCHASE MCDONALD&#39;S F2991 CONWAY AR 1 091955","","-$13.43","$1,385.71"
"05/11/2020","XX4125 POS PURCHASE MCDONALD&#39;S F3290 CONWAY AR 1 087231","","-$16.42","$1,369.29"
"05/11/2020","XX4125 POS PURCHASE DQ BRAZIER #4319 CONWAY AR 00019738 010246","","-$27.64","$1,341.65"
"05/11/2020","PAYPAL INST XFER APPLE.COM BILL","","-$29.99","$1,311.66"
"05/11/2020","AMEX EPAYMENT ACH PMT M4288","","-$200.00","$1,111.66"
"05/11/2020","CAPITAL ONE ONLINE PMT 012939910335185","","-$245.33","$866.33"
"05/11/2020","AMEX EPAYMENT ACH PMT M7530","","-$300.00","$566.33"
"05/11/2020","AMEX EPAYMENT ACH PMT W5210","","-$398.82","$167.51"
"05/18/2020","XX4125 MT DDA DEBIT CASH APP*OSIRIS 8774174551 CA 00000000 052362","","-$2.00","$165.51"
"05/18/2020","XX4125 POS PURCHASE MCDONALD&#39;S F1066 CONWAY AR 1 057471","","-$9.77","$155.74"
"05/18/2020","XX4125 POS PURCHASE MCDONALD&#39;S F2991 CONWAY AR 1 003148","","-$23.06","$132.68"
"05/19/2020","XX4125 MT DDA CREDIT Cash App*Cash Ou Visa Direct CA 1 408725","","$10.75","$143.43"
"05/19/2020","XX4125 MT DDA CREDIT Cash App*Cash Ou Visa Direct CA 1 408743","","$20.33","$163.76"
"05/19/2020","XX4125 MT DDA CREDIT Cash App*Cash Ou Visa Direct CA 1 408744","","$21.67","$185.43"
"05/19/2020","XX4125 POS PURCHASE MCDONALD&#39;S F2991 CONWAY AR 1 091647","","-$7.99","$177.44"
"05/19/2020","XX4125 MT DDA DEBIT CASH APP*JACOB G 8774174551 CA 00000000 008411","","-$115.00","$62.44"
"05/20/2020","Merkle Inc.-OSV EDIPYMENTS 002lGQ","","$1,431.20","$1,493.64"
"05/20/2020","XX4125 ATM WITHDRAWAL BANK OZK CONWAY AR AR000175 008557","","-$20.00","$1,473.64"
"05/21/2020","XX4125 POS PURCHASE MCDONALD&#39;S F2991 CONWAY AR 1 086876","","-$7.88","$1,465.76"
"05/21/2020","XX4125 POS PURCHASE BURGER KING #228 CONWAY AR 00002720 000200","","-$11.99","$1,453.77"
"05/21/2020","XX4125 POS PURCHASE KUM &amp; GO #0158 CONWAY AR 1 009670","","-$24.17","$1,429.60"
"05/21/2020","PAYPAL INST XFER APPLE.COM BILL","","-$2.99","$1,426.61"
"05/22/2020","XX4125 POS PURCHASE STARBUCKS STORE CONWAY AR 00000000 092335","","-$10.67","$1,415.94"
"05/22/2020","XX4125 POS PURCHASE KUM &amp; GO #0158 CONWAY AR 04389001 164000","","-$11.93","$1,404.01"
"05/22/2020","XX4125 POS PURCHASE TACO BELL 036397 CONWAY AR 0363002 097273","","-$12.87","$1,391.14"
"05/22/2020","PAYPAL INST XFER SPOTIFYUSAI","","-$10.89","$1,380.25"
"05/22/2020","AMEX EPAYMENT ACH PMT W3932","","-$609.81","$770.44"
"05/26/2020","XX4125 POS PURCHASE MCDONALD&#39;S F2991 CONWAY AR 1 095204","","-$2.11","$768.33"
"05/26/2020","XX4125 POS PURCHASE DUNKIN #350624 Q BRYANT AR 3506004 059851","","-$4.70","$763.63"
"05/26/2020","XX4125 POS PURCHASE DUNKIN #350624 Q BRYANT AR 3506004 059869","","-$4.70","$758.93"
"05/26/2020","XX4125 POS PURCHASE STARBUCKS STORE CONWAY AR 00000000 097663","","-$5.17","$753.76"
"05/26/2020","XX4125 POS PURCHASE MCDONALD&#39;S F2991 CONWAY AR 1 016112","","-$7.88","$745.88"
"05/26/2020","XX4125 POS PURCHASE ANDYS FROZEN CUS CONWAY AR 00C40406 010280","","-$7.88","$738.00"
"05/26/2020","XX4125 POS PURCHASE STARBUCKS STORE CONWAY AR 00000000 025220","","-$7.89","$730.11"
"05/26/2020","XX4125 POS PURCHASE ANDYS FROZEN CUS CONWAY AR 00C40406 010221","","-$8.60","$721.51"
"05/26/2020","XX4125 POS PURCHASE MCDONALD&#39;S F2991 CONWAY AR 1 082047","","-$9.98","$711.53"
"05/26/2020","XX4125 POS PURCHASE TACO BELL 036397 CONWAY AR 0363002 034044","","-$11.52","$700.01"
"05/26/2020","XX4125 POS PURCHASE MCDONALD&#39;S F2991 CONWAY AR 1 002798","","-$12.09","$687.92"
"05/26/2020","XX4125 POS PURCHASE STARBUCKS STORE CONWAY AR 00000000 008948","","-$12.33","$675.59"
"05/26/2020","XX4125 POS PURCHASE STARBUCKS STORE CONWAY AR 00000000 016617","","-$12.78","$662.81"
"05/26/2020","XX4125 POS PURCHASE MCDONALD&#39;S F3290 CONWAY AR 1 091186","","-$16.30","$646.51"
"05/26/2020","XX4125 POS PURCHASE AMZN MKTP US*M79 AMZN.COM/BILL WA 00000000 017622","","-$18.54","$627.97"
"05/26/2020","XX4125 POS PURCHASE TMOBILE*AUTO PAY 800-937-8997 WA 00000000 025253","","-$80.00","$547.97"
"05/26/2020","XX4125 POS PURCHASE AMZN Mktp US*M75 Amzn.com/bill WA 00000000 009573","","-$133.20","$414.77"
"05/26/2020","PAYPAL INST XFER APPLE.COM BILL","","-$0.99","$413.78"
"05/26/2020","PAYPAL INST XFER SIGNEDVINYL EBA","","-$6.00","$407.78"
"05/26/2020","AMEX EPAYMENT ACH PMT W3056","","-$42.78","$365.00"
"05/27/2020","XX4125 MT DDA CREDIT Cash App*Cash Ou Visa Direct CA 1 179448","","$7.75","$372.75"
"05/27/2020","XX4125 MT DDA DEBIT CASH APP*OSIRIS 8774174551 CA 00000000 058896","","-$9.00","$363.75"
"05/27/2020","XX4125 POS PURCHASE STARBUCKS STORE CONWAY AR 00000000 023373","","-$11.22","$352.53"
"05/27/2020","PAYPAL INST XFER APPLE.COM BILL","","-$12.99","$339.54"
"06/01/2020","XX4125 MT DDA CREDIT Cash App*Cash Ou Visa Direct CA 1 272177","","$6.75","$346.29"
"06/01/2020","XX4125 MT DDA CREDIT Cash App*Cash Ou Visa Direct CA 1 280599","","$11.75","$358.04"
"06/01/2020","XX4125 ATM WITHDRAWAL BANK OZK CONWAY AR AR000175 008969","","-$40.00","$318.04"
"06/01/2020","XX4125 MT DDA DEBIT CASH APP*OSIRIS 8774174551 CA 00000000 068005","","-$300.00","$18.04"
"06/02/2020","CLUB FEES 10 FITNESS ABC - 10 FITNESS 888-827-9262","","-$30.50","-$12.46"
"06/03/2020","ONLINE BANKING TRANSFER FROM x3282 06/03/20","","$200.00","$187.54"
"06/03/2020","CHK# 00 AMT $30.50,"CHK# 00 AMT $30.50,"","-$35.00","$152.54"
"06/04/2020","PAYPAL INST XFER APPLE.COM BILL","","-$14.99","$137.55"
"06/05/2020","Merkle Inc.-OSV EDIPYMENTS 002m3g","","$1,431.18","$1,568.73"
"06/08/2020","XX4125 MT DDA DEBIT CASH APP*ETHAN H 8774174551 CA 00000000 054085","","-$1.00","$1,567.73"
"06/08/2020","XX4125 POS PURCHASE WAL-MART #2575 CONWAY AR 24257501 106038","","-$7.29","$1,560.44"
"06/08/2020","XX4125 MT DDA DEBIT CASH APP*ETHAN H 8774174551 CA 00000000 051815","","-$49.00","$1,511.44"
"06/08/2020","XX4125 POS PURCHASE KROGER #625 CONWAY AR 80062513 513543","","-$50.76","$1,460.68"
"06/08/2020","XX4125 MT DDA DEBIT CASH APP*JACOB G 8774174551 CA 00000000 092303","","-$160.00","$1,300.68"
"06/08/2020","A CLOUD GURU LTD IAT PAYPAL 1009224086048","","-$29.00","$1,271.68"
"06/09/2020","AMEX EPAYMENT ACH PMT M0382","","-$500.00","$771.68"
"06/11/2020","XX4125 MT DDA DEBIT CASH APP*OSIRIS 8774174551 CA 00000000 086750","","-$6.50","$765.18"
"06/12/2020","XX4125 POS PURCHASE KROGER #625 CONWAY AR 80062509 009471","","-$27.41","$737.77"
"06/12/2020","XX4125 MT DDA DEBIT CASH APP*OSIRIS 8774174551 CA 00000000 021662","","-$100.00","$637.77"
"06/12/2020","PAYPAL INST XFER ULTIMATEGTR","","-$24.99","$612.78"
"06/12/2020","PAYPAL INST XFER APPLE.COM BILL","","-$29.99","$582.79"
"06/15/2020","XX4125 POS PURCHASE MCDONALD&#39;S F2991 CONWAY AR 1 046706","","-$7.77","$575.02"
"06/15/2020","XX4125 POS PURCHASE SONIC DRIVE IN # CONWAY AR 1 047131","","-$9.77","$565.25"
"06/15/2020","XX4125 POS PURCHASE KROGER #625 CONWAY AR 80062512 512149","","-$37.37","$527.88"
"06/15/2020","ALLYBK SV WEBXFR TRANSFER 2320122873","","-$200.00","$327.88"
"06/16/2020","XX4125 POS PURCHASE MCDONALD&#39;S F2991 CONWAY AR 1 045656","","-$9.65","$318.23"
"06/17/2020","XX4125 POS PURCHASE STARBUCKS STORE CONWAY AR 00000000 096779","","-$5.17","$313.06"
"06/17/2020","PAYPAL INST XFER APPLE.COM BILL","","-$2.99","$310.07"
"06/18/2020","Square Inc * Cash App T200242701563","","$9.58","$319.65"
"06/19/2020","Merkle Inc.-OSV EDIPYMENTS 002nbh","","$1,431.19","$1,750.84"
"06/22/2020","XX4125 MT DDA DEBIT CASH APP*DOLLY 8774174551 CA 00000000 054470","","-$5.00","$1,745.84"
"06/22/2020","XX4125 MT DDA DEBIT CASH APP*DOLLY 8774174551 CA 00000000 057803","","-$5.00","$1,740.84"
"06/22/2020","XX4125 MT DDA DEBIT CASH APP*OSIRIS 8774174551 CA 00000000 020942","","-$9.00","$1,731.84"
"06/22/2020","XX4125 MT DDA DEBIT CASH APP*DOLLY 8774174551 CA 00000000 071493","","-$30.00","$1,701.84"
"06/22/2020","PAYPAL INST XFER SPOTIFYUSAI","","-$10.89","$1,690.95"
"06/23/2020","XX4125 MT DDA DEBIT CASH APP*OSIRIS 8774174551 CA 00000000 096125","","-$12.00","$1,678.95"
"06/23/2020","XX4125 POS PURCHASE TMOBILE*AUTO PAY 800-937-8997 WA 00000000 076831","","-$80.00","$1,598.95"
"06/23/2020","XX4125 ATM WITHDRAWAL BANK OZK CONWAY AR AR000175 009954","","-$180.00","$1,418.95"
"06/24/2020","PAYPAL INST XFER APPLE.COM BILL","","-$0.99","$1,417.96"
"06/25/2020","XX4125 POS PURCHASE KROGER #625 CONWAY AR 80062515 515319","","-$71.56","$1,346.40"
"06/26/2020","XX4125 POS PURCHASE MCDONALD&#39;S F2991 CONWAY AR 1 084767","","-$8.21","$1,338.19"
"06/26/2020","XX4125 MT DDA DEBIT CASH APP*OSIRIS 8774174551 CA 00000000 002505","","-$126.00","$1,212.19"
"06/29/2020","XX4125 POS PURCHASE DUNKIN #352604 LITTLE ROCK AR 005 055624","","-$9.30","$1,202.89"
"06/29/2020","XX4125 POS PURCHASE CHICK-FIL-A #023 LITTLE ROCK AR 1 037094","","-$19.91","$1,182.98"
"06/29/2020","XX4125 POS PURCHASE KROGER #625 CONWAY AR 80062512 512514","","-$32.99","$1,149.99"
"06/29/2020","XX4125 ATM WITHDRAWAL BANK OZK LITTLE ROCK AR AR000146 009939","","-$80.00","$1,069.99"
"06/29/2020","XX4125 POS PURCHASE WM SUPERCENTER # CONWAY (SOUTH AR 25750005 899667","","-$103.06","$966.93"
"06/29/2020","PAYPAL INST XFER APPLE.COM BILL","","-$12.99","$953.94"
"06/29/2020","AMEX EPAYMENT ACH PMT M7558","","-$408.44","$545.50"
"07/02/2020","Merkle Inc.-OSV EDIPYMENTS 002omS","","$1,431.19","$1,976.69"
"07/02/2020","XX4125 MT DDA DEBIT CASH APP*OSIRIS 8774174551 CA 00000000 021080","","-$300.00","$1,676.69"
"07/02/2020","PAYPAL INST XFER APPLE.COM BILL","","-$14.99","$1,661.70"
"07/02/2020","CLUB FEES 10 FITNESS ABC - 10 FITNESS 888-827-9262","","-$30.50","$1,631.20"
"07/03/2020","XX4125 POS PURCHASE KROGER #625 CONWAY AR 80062510 510904","","-$45.66","$1,585.54"
"07/06/2020","XX4125 POS PURCHASE DUNKIN #352604 LITTLE ROCK AR 005 057245","","-$6.98","$1,578.56"
"07/06/2020","XX4125 POS PURCHASE B-B OIL COMPANY LITTLE ROCK AR 12281901 249451","","-$18.32","$1,560.24"
"07/06/2020","XX4125 POS PURCHASE KROGER #625 CONWAY AR 80062515 515956","","-$51.54","$1,508.70"
"07/06/2020","XX4125 ATM WITHDRAWAL BANK OZK CONWAY AR AR000175 000457","","-$140.00","$1,368.70"
"07/06/2020","A CLOUD GURU LTD IAT PAYPAL 1009556876470","","-$29.00","$1,339.70"
"07/07/2020","XX4125 POS PURCHASE MCDONALD&#39;S F2991 CONWAY AR 1 078643","","-$8.65","$1,331.05"
"07/07/2020","XX4125 POS PURCHASE CHICKEN EXPRESS CONWAY AR 10147159 047159","","-$10.99","$1,320.06"
"07/07/2020","PAYPAL INST XFER APPLE.COM BILL","","-$9.99","$1,310.07"
"07/08/2020","XX4125 POS PURCHASE MCDONALD&#39;S F2991 CONWAY AR 1 036055","","-$8.65","$1,301.42"
"07/08/2020","XX4125 POS PURCHASE WM SUPERCENTER # CONWAY AR 00050047 325201","","-$13.21","$1,288.21"
"07/08/2020","XX4125 POS PURCHASE WM SUPERCENTER # CONWAY AR 00050041 320658","","-$34.49","$1,253.72"
"07/09/2020","XX4125 POS PURCHASE KROGER #625 CONWAY AR 80062513 513560","","-$10.25","$1,243.47"
"07/10/2020","XX4125 POS PURCHASE MCDONALD&#39;S F3290 CONWAY AR 1 097112","","-$8.43","$1,235.04"
"07/10/2020","XX4125 POS PURCHASE TACO BELL 036397 CONWAY AR 0363003 018643","","-$13.20","$1,221.84"
"07/10/2020","PAYPAL INST XFER APPLE.COM BILL","","-$6.99","$1,214.85"
"07/10/2020","PAYPAL INST XFER APPLE.COM BILL","","-$29.99","$1,184.86"
"07/13/2020","XX4125 POS PURCHASE KROGER #625 CONWAY AR 80062520 520065","","-$17.81","$1,167.05"
"07/13/2020","XX4125 POS PURCHASE ANDYS FROZEN CUS CONWAY AR 00C40406 010166","","-$18.37","$1,148.68"
"07/13/2020","XX4125 ATM WITHDRAWAL BANK OZK CONWAY AR AR000175 000779","","-$20.00","$1,128.68"
"07/13/2020","XX4125 POS PURCHASE KROGER #625 CONWAY AR 80062523 523382","","-$27.50","$1,101.18"
"07/13/2020","AMEX EPAYMENT ACH PMT M0362","","-$200.00","$901.18"
"07/14/2020","XX4125 POS PURCHASE SLIM CHICKENS 1 CONWAY AR 00C39643 010150","","-$13.43","$887.75"
"07/15/2020","Square Inc * Cash App T200254380804","","$95.00","$982.75"
"07/15/2020","XX4125 POS PURCHASE MCDONALD&#39;S F2991 CONWAY AR 1 039115","","-$12.77","$969.98"
"07/16/2020","XX4125 POS PURCHASE TACO BELL 036397 CONWAY AR 0363003 005960","","-$8.32","$961.66"
"07/16/2020","XX4125 POS PURCHASE WENDY&#39;S 51 CONWAY AR 59662009 576046","","-$9.88","$951.78"
"07/16/2020","XX4125 POS PURCHASE MCDONALD&#39;S F3290 CONWAY AR 1 088279","","-$12.88","$938.90"
"07/17/2020","XX4125 POS PURCHASE MCDONALD&#39;S F2991 CONWAY AR 1 091637","","-$12.31","$926.59"
"07/17/2020","XX4125 POS PURCHASE CHICKEN EXPRESS CONWAY AR 10651689 051689","","-$24.30","$902.29"
"07/17/2020","XX4125 MT DDA DEBIT CASH APP*AMY WIL 8774174551 CA 00000000 092359","","-$25.00","$877.29"
"07/20/2020","Merkle Inc.-OSV EDIPYMENTS 002q16","","$1,431.19","$2,308.48"
"07/20/2020","XX4125 POS PURCHASE KROGER FUEL #562 CONWAY AR 80562510 100455","","-$3.91","$2,304.57"
"07/20/2020","XX4125 POS PURCHASE WM SUPERCENTER # CONWAY AR 00050040 870408","","-$4.00","$2,300.57"
"07/20/2020","XX4125 POS PURCHASE SHELL SERVICE ST LITTLE ROCK AR 36233801 015336","","-$8.45","$2,292.12"
"07/20/2020","XX4125 POS PURCHASE TACO BELL 036397 CONWAY AR 0363003 068463","","-$10.09","$2,282.03"
"07/20/2020","XX4125 POS PURCHASE MCDONALD&#39;S F3290 CONWAY AR 1 078881","","-$11.65","$2,270.38"
"07/20/2020","XX4125 POS PURCHASE TACO BELL 578 BRYANT AR 006 017738","","-$12.11","$2,258.27"
"07/20/2020","XX4125 POS PURCHASE SONIC DRIVE IN # CONWAY AR 1 047955","","-$12.65","$2,245.62"
"07/20/2020","XX4125 POS PURCHASE KROGER FUEL #562 CONWAY AR 80562527 127398","","-$16.89","$2,228.73"
"07/20/2020","XX4125 POS PURCHASE CHICKEN EXPRESS CONWAY AR 10484313 084313","","-$24.30","$2,204.43"
"07/20/2020","XX4125 MT DDA DEBIT CASH APP*OSIRIS 8774174551 CA 00000000 079028","","-$35.00","$2,169.43"
"07/20/2020","XX4125 POS PURCHASE WAL-MART #0005 CONWAY AR 24000501 871289","","-$47.80","$2,121.63"
"07/20/2020","XX4125 POS PURCHASE KROGER #625 CONWAY AR 80062510 510190","","-$55.98","$2,065.65"
"07/20/2020","CAPITAL ONE MOBILE PMT 019939800980216","","-$84.62","$1,981.03"
"07/21/2020","Square Inc * Cash App T200257320701","","$10.00","$1,991.03"
"07/21/2020","PAYPAL INST XFER APPLE.COM BILL","","-$2.86","$1,988.17"
"07/22/2020","Square Inc * Cash App T200257765704","","$68.00","$2,056.17"
"07/22/2020","XX4125 POS PURCHASE KROGER #629 BENTON AR 80062903 503643","","-$3.27","$2,052.90"
"07/22/2020","XX4125 POS PURCHASE MCDONALD&#39;S F3290 CONWAY AR 1 063432","","-$9.54","$2,043.36"
"07/22/2020","XX4125 POS PURCHASE CHICKEN EXPRESS CONWAY AR 09001623 001623","","-$10.99","$2,032.37"
"07/22/2020","XX4125 POS PURCHASE CHILI&#39;S 1318 ECO olo.com AR 00006039 048376","","-$34.68","$1,997.69"
"07/23/2020","XX4125 POS PURCHASE TMOBILE*AUTO PAY 800-937-8997 WA 00000000 046495","","-$80.00","$1,917.69"
"07/23/2020","PAYPAL INST XFER SPOTIFYUSAI","","-$10.89","$1,906.80"
"07/24/2020","XX4125 POS PURCHASE MCDONALD&#39;S F2991 CONWAY AR 1 008168","","-$13.21","$1,893.59"
"07/24/2020","XX4125 POS PURCHASE KROGER #625 CONWAY AR 80062515 515052","","-$56.81","$1,836.78"
"07/27/2020","XX4125 POS PURCHASE COLD STONE CREAM LITTLE ROCK AR 27070084 070084","","-$7.43","$1,829.35"
"07/27/2020","XX4125 ATM WITHDRAWAL BANK OZK CONWAY AR AR000175 001361","","-$180.00","$1,649.35"
"07/27/2020","PAYPAL INST XFER APPLE.COM BILL","","-$12.99","$1,636.36"
"07/27/2020","PAYPAL INST XFER TULLRL EBAY TUL","","-$15.00","$1,621.36"
"07/28/2020","XX4125 POS PURCHASE KROGER FUEL #562 CONWAY AR 80562524 124793","","-$8.94","$1,612.42"
"07/28/2020","PAYPAL INST XFER KENHARKNESS EBA","","-$60.01","$1,552.41"
"07/29/2020","XX4125 POS PURCHASE MCDONALD&#39;S F2991 CONWAY AR 1 014724","","-$5.78","$1,546.63"
"07/29/2020","XX4125 MT DDA DEBIT CASH APP*OSIRIS 8774174551 CA 00000000 047408","","-$136.00","$1,410.63"
"07/29/2020","XX4125 MT DDA DEBIT CASH APP*OSIRIS 8774174551 CA 00000000 048011","","-$295.00","$1,115.63"
"07/29/2020","AMEX EPAYMENT ACH PMT M0522","","-$200.00","$915.63"
"07/30/2020","XX4125 POS PURCHASE SUPERIOR CHEVROL FAYETTEVILLE AR 06567380 02128626","","-$500.00","$415.63"
"07/31/2020","ALLY BANK P2P WILLIAM C BLOCK","","$200.21","$615.84"
"07/31/2020","XX4125 ATM WITHDRAWAL BANK OZK CONWAY AR AR000175 001584","","-$40.00","$575.84"
"07/31/2020","XX4125 POS PURCHASE WM SUPERCENTER # CONWAY (SOUTH AR 25750049 835473","","-$48.25","$527.59"
"08/03/2020","XX4125 POS PURCHASE DUNKIN #352604 LITTLE ROCK AR 005 064076","","-$2.76","$524.83"
"08/03/2020","XX4125 POS PURCHASE CHICKEN EXPRESS CONWAY AR 07973328 073328","","-$10.99","$513.84"
"08/03/2020","XX4125 POS PURCHASE Shelter Insuranc 800-743-5837 MO 00000000 084556","","-$290.93","$222.91"
"08/03/2020","PAYPAL INST XFER BKAMOTORSPO EBA","","-$6.54","$216.37"
"08/03/2020","PAYPAL INST XFER APPLE.COM BILL","","-$14.99","$201.38"
"08/03/2020","CLUB FEES 10 FITNESS ABC - 10 FITNESS 888-827-9262","","-$30.50","$170.88"
"08/03/2020","PAYPAL INST XFER KASEYTKERBY EBA","","-$87.25","$83.63"
"08/03/2020","CAPITAL ONE MOBILE PMT 021439800724443","","-$100.00","-$16.37"
"08/04/2020","Deposit","","$2,655.70","$2,639.33"
"08/04/2020","ONLINE BANKING TRANSFER FROM x3282 08/04/20","","$250.00","$2,889.33"
"08/04/2020","ONLINE BANKING TRANSFER FROM x3282 08/04/20","","$250.00","$3,139.33"
"08/04/2020","XX4125 POS PURCHASE MCDONALD&#39;S F3290 CONWAY AR 1 010446","","-$11.77","$3,127.56"
"08/04/2020","CHK# 00 AMT $100.00,"CHK# 00 AMT $100.00,"","-$35.00","$3,092.56"
"08/05/2020","Merkle Inc.-OSV EDIPYMENTS 002qgx","","$1,495.66","$4,588.22"
"08/05/2020","XX4125 POS PURCHASE MCDONALD&#39;S F2991 CONWAY AR 1 087403","","-$8.65","$4,579.57"
"08/06/2020","XX4125 POS PURCHASE Wal-Mart Super C CONWAY AR 00050042 021871020808","","-$39.11","$4,540.46"
"08/06/2020","XX4125 POS PURCHASE Wal-Mart Super C CONWAY AR 00050045 021824450473","","-$72.44","$4,468.02"
"08/06/2020","A CLOUD GURU LTD IAT PAYPAL 1009908348402","","-$29.00","$4,439.02"
"08/07/2020","XX4125 POS PURCHASE KROGER #625 CONWAY AR 80062512 512325","","-$13.71","$4,425.31"
"08/07/2020","XX4125 POS PURCHASE SPORT CLIPS - AR CONWAY AR 53144544 044544","","-$31.00","$4,394.31"
"08/10/2020","XX4125 POS PURCHASE POPEYES #11657 CONWAY AR 00004432 010059","","-$9.77","$4,384.54"
"08/10/2020","XX4125 POS PURCHASE CONWAY BOAT RV &amp; 501-358-6604 AR 00000000 045506","","-$76.50","$4,308.04"
"08/10/2020","XX4125 ATM WITHDRAWAL BANK OZK CONWAY AR AR000175 001999","","-$160.00","$4,148.04"
"08/10/2020","PAYPAL INST XFER APPLE.COM BILL","","-$39.98","$4,108.06"
"08/10/2020","AMEX EPAYMENT ACH PMT M4386","","-$219.95","$3,888.11"
"08/10/2020","ALLY BANK $TRANSFER 2462714709","","-$1,000.00","$2,888.11"
"08/11/2020","CAPITAL ONE MOBILE PMT 022339800297068","","-$300.00","$2,588.11"
"08/13/2020","XX2365 ATM WITHDRAWAL BANK OZK CONWAY AR AR000175 002223","","-$20.00","$2,568.11"
"08/17/2020","XX2365 POS PURCHASE MCDONALD&#39;S F3290 CONWAY AR 1 084060","","-$8.99","$2,559.12"
"08/17/2020","XX2365 POS PURCHASE TACO BELL 036397 CONWAY AR 0363006 082672","","-$10.09","$2,549.03"
"08/17/2020","XX2365 POS PURCHASE KROGER #625 CONWAY AR 80062524 524890","","-$15.13","$2,533.90"
"08/17/2020","XX2365 POS PURCHASE KROGER #625 CONWAY AR 80062520 520597","","-$65.26","$2,468.64"
"08/17/2020","AMEX EPAYMENT ACH PMT W2468","","-$300.00","$2,168.64"
"08/17/2020","CAPITAL ONE ONLINE PMT 022839910280954","","-$500.00","$1,668.64"
"08/18/2020","ALLY BANK $TRANSFER 2481291849","","-$100.00","$1,568.64"
"08/19/2020","XX2365 POS PURCHASE CHICKEN EXPRESS CONWAY AR 09538483 038483","","-$10.99","$1,557.65"
"08/20/2020","Merkle Inc.-OSV EDIPYMENTS 002rqg","","$1,431.18","$2,988.83"
"08/20/2020","XX2365 POS PURCHASE MCDONALD&#39;S F2991 CONWAY AR 1 023737","","-$8.65","$2,980.18"
"08/20/2020","PAYPAL INST XFER APPLE.COM BILL","","-$2.99","$2,977.19"
"08/24/2020","Deposit","","$200.00","$3,177.19"
"08/24/2020","XX2365 POS PURCHASE MCDONALD&#39;S F3290 CONWAY AR 1 010111","","-$2.89","$3,174.30"
"08/24/2020","XX2365 POS PURCHASE STARBUCKS STORE CONWAY AR 00000000 045772","","-$5.17","$3,169.13"
"08/24/2020","XX2365 POS PURCHASE CHICK-FIL-A #032 CONWAY AR 1 046640","","-$8.70","$3,160.43"
"08/24/2020","XX2365 POS PURCHASE POPEYES 5733 CONWAY AR 00004360 010058","","-$10.32","$3,150.11"
"08/24/2020","XX2365 POS PURCHASE SAMS CLUB #4749 CONWAY AR 47490088 311997","","-$16.73","$3,133.38"
"08/24/2020","XX2365 POS PURCHASE IPHONE CITIZ*PMT 888-2016306 CT 00000000 027117","","-$27.19","$3,106.19"
"08/24/2020","XX2365 POS PURCHASE KROGER #625 CONWAY AR 80062514 514867","","-$80.13","$3,026.06"
"08/24/2020","XX2365 ATM WITHDRAWAL BANK OZK CONWAY AR AR000175 002687","","-$100.00","$2,926.06"
"08/24/2020","PAYPAL INST XFER SPOTIFYUSAI","","-$10.89","$2,915.17"
"08/24/2020","T-MOBILE PCS SVC 9328246","","-$80.00","$2,835.17"
"08/25/2020","XX2365 POS PURCHASE CAR WASH EXPRESS 501-4725047 AR 74359782 045305","","-$12.00","$2,823.17"
"08/25/2020","SHELTER MUTUAL SPS. PREM. XXXXXX2672","","-$40.59","$2,782.58"
"08/26/2020","UNIVERSITY OF CE INVOICE B01108035","","$500.00","$3,282.58"
"08/26/2020","XX2365 POS PURCHASE MCDONALD&#39;S F2991 CONWAY AR 1 068503","","-$8.77","$3,273.81"
"08/27/2020","XX2365 POS PURCHASE KROGER #625 CONWAY AR 80062514 514418","","-$42.38","$3,231.43"
"08/28/2020","XX2365 POS PURCHASE MCDONALD&#39;S F2991 CONWAY AR 1 095409","","-$8.65","$3,222.78"
"08/31/2020","XX2365 POS PURCHASE STARBUCKS STORE CONWAY AR 00000000 099447","","-$5.39","$3,217.39"
"08/31/2020","XX2365 POS PURCHASE MCDONALD&#39;S F2991 CONWAY AR 1 024091","","-$5.54","$3,211.85"
"08/31/2020","XX2365 POS PURCHASE WENDY&#39;S 26 CONWAY AR 59423008 298410","","-$6.76","$3,205.09"
"08/31/2020","XX2365 POS PURCHASE MCDONALD&#39;S F2991 CONWAY AR 1 026488","","-$8.10","$3,196.99"
"08/31/2020","XX2365 POS PURCHASE MCDONALD&#39;S F3290 CONWAY AR 1 021009","","-$8.32","$3,188.67"
"08/31/2020","XX2365 POS PURCHASE MCDONALD&#39;S F3290 CONWAY AR 1 022970","","-$8.43","$3,180.24"
"08/31/2020","XX2365 POS PURCHASE PANDA EXPRESS #3 CONWAY AR 3112003 026257","","-$16.00","$3,164.24"
"08/31/2020","XX2365 ATM WITHDRAWAL BANK OZK CONWAY AR AR000175 003092","","-$20.00","$3,144.24"
"08/31/2020","XX2365 POS PURCHASE KROGER #625 CONWAY AR 80062522 522858","","-$26.02","$3,118.22"
"08/31/2020","XX2365 MT DDA DEBIT CASH APP*OSIRIS 8774174551 CA 00000000 042680","","-$140.48","$2,977.74"
"08/31/2020","XX2365 MT DDA DEBIT CASH APP*OSIRIS 8774174551 CA 00000000 083521","","-$295.00","$2,682.74"
"08/31/2020","PAYPAL INST XFER APPLE.COM BILL","","-$12.99","$2,669.75"
"08/31/2020","AMEX EPAYMENT ACH PMT W1992","","-$500.00","$2,169.75"
"09/01/2020","XX2365 POS PURCHASE HARDEES 1505836 CONWAY AR 32848072 049924","","-$10.87","$2,158.88"
"09/02/2020","CLUB FEES 10 FITNESS ABC - 10 FITNESS 888-827-9262","","-$30.50","$2,128.38"
"09/03/2020","XX2365 POS PURCHASE WM SUPERCENTER # CONWAY AR 00050041 841266","","-$4.49","$2,123.89"
"09/03/2020","XX2365 POS PURCHASE WM SUPERCENTER # CONWAY AR 00050050 848370","","-$33.70","$2,090.19"
"09/03/2020","XX2365 POS PURCHASE CONWAY BOAT RV &amp; 501-358-6604 AR 00000000 014943","","-$76.50","$2,013.69"
"09/03/2020","XX2365 ATM WITHDRAWAL BANK OZK CONWAY AR AR000175 003263","","-$80.00","$1,933.69"
"09/03/2020","XX2365 ATM WITHDRAWAL BANK OZK CONWAY AR AR000175 003262","","-$100.00","$1,833.69"
"09/03/2020","ALLY BANK $TRANSFER 2524008297","","-$100.00","$1,733.69"
"09/04/2020","Merkle Inc.-OSV EDIPYMENTS 002sws","","$1,431.19","$3,164.88"
"09/04/2020","XX2365 POS PURCHASE MCDONALD&#39;S F2203 CROSSETT AR 1 045065","","-$4.29","$3,160.59"
"09/04/2020","XX2365 POS PURCHASE WAL-MART #2748 GULF SHORES AL 24274801 874242","","-$7.04","$3,153.55"
"09/04/2020","XX2365 POS PURCHASE MCDONALD&#39;S F3290 CONWAY AR 1 026610","","-$9.32","$3,144.23"
"09/04/2020","XX2365 POS PURCHASE MCDONALD&#39;S F6977 TALLULAH LA 1 048165","","-$10.37","$3,133.86"
"09/04/2020","XX2365 POS PURCHASE CHICKEN EXPRESS CONWAY AR 11296856 096856","","-$10.99","$3,122.87"
"09/04/2020","XX2365 ATM WITHDRAWAL Wells Fargo Ban GULF SHORES AL 0063Q 854364","","-$20.00","$3,102.87"
"09/04/2020","XX2365 POS PURCHASE SHELL SERVICE ST TALLULAH LA 23519401 610109","","-$27.57","$3,075.30"
"09/04/2020","XX2365 POS PURCHASE SPORT CLIPS - AR CONWAY AR 53291691 091691","","-$29.00","$3,046.30"
"09/04/2020","XX2365 ATM WITHDRAWAL Wells Fargo Ban GULF SHORES AL 0063Q 777613","","-$40.00","$3,006.30"
"09/04/2020","XX2365 POS PURCHASE AR.GOV/STPAYMENT EGOV.COM AR 00000965 002420","","-$111.71","$2,894.59"
"09/04/2020","PAYPAL INST XFER APPLE.COM BILL","","-$14.99","$2,879.60"
"09/04/2020","FEE FOR ATM WITHDRAWAL Wells Fargo Ban GULF SHORES AL 0063Q 777613","","-$1.00","$2,878.60"
"09/04/2020","FEE FOR ATM WITHDRAWAL Wells Fargo Ban GULF SHORES AL 0063Q 854364","","-$1.00","$2,877.60"
"09/04/2020","ATM SURCHARGE XX2365 ATM WITHDRAWAL Wells Fargo Ban GULF SHORES AL 0063Q 777613","","-$3.00","$2,874.60"
"09/04/2020","ATM SURCHARGE XX2365 ATM WITHDRAWAL Wells Fargo Ban GULF SHORES AL 0063Q 854364","","-$3.00","$2,871.60"
"09/08/2020","XX2365 POS PURCHASE MCDONALD&#39;S F3290 CONWAY AR 1 018313","","-$2.89","$2,868.71"
"09/08/2020","XX2365 POS PURCHASE DAIRY QUEEN #431 GULF SHORES AL 0000GYTF 000172","","-$4.94","$2,863.77"
"09/08/2020","XX2365 POS PURCHASE MCDONALD&#39;S F2176 GULF SHORES AL 1 094226","","-$9.88","$2,853.89"
"09/08/2020","XX2365 POS PURCHASE TROPICAL SMOOTHI LITTLE ROCK AR 01211964 005540","","-$13.08","$2,840.81"
"09/08/2020","XX2365 POS PURCHASE KROGER FUEL #562 CONWAY AR 80562520 120799","","-$27.37","$2,813.44"
"09/08/2020","XX2365 POS PURCHASE SHELL SERVICE ST PENSACOLA FL 48112801 867089","","-$33.36","$2,780.08"
"09/08/2020","XX2365 POS PURCHASE KROGER #625 CONWAY AR 80062513 513281","","-$68.54","$2,711.54"
"09/08/2020","XX2365 POS PURCHASE COURTYARD GULF S GULF SHORES AL 00000000 077584","","-$545.34","$2,166.20"
"09/08/2020","PAYPAL INST XFER APPLE.COM BILL","","-$9.99","$2,156.21"
"09/08/2020","A CLOUD GURU LTD IAT PAYPAL 1010264432435","","-$29.00","$2,127.21"
"09/08/2020","AMEX EPAYMENT ACH PMT M2202","","-$400.00","$1,727.21"
"09/09/2020","XX2365 POS PURCHASE WAL-MART #0005 CONWAY AR 24000501 521271","","-$7.16","$1,720.05"
"09/09/2020","XX2365 POS PURCHASE ONLYFANS.COM 8886880458 IL 1 046922","","-$20.00","$1,700.05"
"09/09/2020","XX2365 POS PURCHASE WAL-MART #0005 CONWAY AR 24000501 211163","","-$39.04","$1,661.01"
"09/10/2020","XX2365 POS PURCHASE MCDONALD&#39;S F3290 CONWAY AR 1 034227","","-$8.43","$1,652.58"
"09/11/2020","XX2365 POS PURCHASE MCDONALD&#39;S F3290 CONWAY AR 1 009005","","-$8.43","$1,644.15"
"09/11/2020","ALLY ALLY PAYMT 227971394867","","-$400.44","$1,243.71"
"09/14/2020","XX2365 POS PURCHASE WM SUPERCENTER # CONWAY AR 00050040 160838","","-$4.00","$1,239.71"
"09/14/2020","XX2365 POS PURCHASE ONLYFANS.COM 8886880458 IL 1 068056","","-$4.00","$1,235.71"
"09/14/2020","XX2365 POS PURCHASE SQ *THINK COFFEE Conway AR 00000000 065535","","-$6.91","$1,228.80"
"09/14/2020","XX2365 POS PURCHASE ONLYFANS 866-2656609 IL 00010001 034579","","-$7.00","$1,221.80"
"09/14/2020","XX2365 CHECKING PYMNT MSFT *&lt;E0500C704 MSBILL.INFO WA 02028181 025616672","","-$8.25","$1,213.55"
"09/14/2020","XX2365 POS PURCHASE ONLYFANS.COM 8886880458 IL 1 039083","","-$17.99","$1,195.56"
"09/14/2020","XX2365 POS PURCHASE KROGER #625 CONWAY AR 80062523 523040","","-$28.47","$1,167.09"
"09/14/2020","XX2365 POS PURCHASE Wal-Mart Super C CONWAY AR 00050050 025753941369","","-$38.53","$1,128.56"
"09/14/2020","PAYPAL INST XFER APPLE.COM BILL","","-$29.99","$1,098.57"
"09/15/2020","Merkle Inc.-OSV EDIPYMENTS 002uRD","","$1,506.68","$2,605.25"
"09/15/2020","XX2365 POS PURCHASE MCDONALD&#39;S F3290 CONWAY AR 1 067879","","-$8.43","$2,596.82"
"09/15/2020","CAPITAL ONE ONLINE PMT 025839910165062","","-$260.00","$2,336.82"
"09/16/2020","PAYPAL INST XFER APPLE.COM BILL","","-$6.99","$2,329.83"
"09/16/2020","ALLY BANK $TRANSFER 2558592195","","-$100.00","$2,229.83"
"09/17/2020","XX2365 POS PURCHASE MCDONALD&#39;S F2991 CONWAY AR 1 053300","","-$8.88","$2,220.95"
"09/17/2020","XX2365 POS PURCHASE KROGER #625 CONWAY AR 80062525 525708","","-$21.28","$2,199.67"
"09/17/2020","XX2365 POS PURCHASE KROGER #625 CONWAY AR 80062525 525707","","-$48.20","$2,151.47"
"09/18/2020","AMEX EPAYMENT ACH PMT W3942","","-$500.00","$1,651.47"
"09/21/2020","XX2365 POS PURCHASE Wal-Mart Super C CONWAY AR 00050041 026513512835","","-$4.49","$1,646.98"
"09/21/2020","XX2365 POS PURCHASE SAMSCLUB #4749 CONWAY AR 24474901 437827","","-$13.91","$1,633.07"
"09/21/2020","XX2365 POS PURCHASE KROGER #625 CONWAY AR 80062515 515558","","-$15.91","$1,617.16"
"09/21/2020","XX2365 POS PURCHASE ACADEMY SPORTS # CONWAY AR 09108944 925895","","-$38.19","$1,578.97"
"09/21/2020","XX2365 POS PURCHASE Wal-Mart Super C CONWAY (SOUTH AR 25750046 0264500","","-$55.66","$1,523.31"
"09/21/2020","XX2365 POS PURCHASE WM SUPERCENTER # CONWAY AR 00050049 741302","","-$76.20","$1,447.11"
"09/21/2020","XX2365 POS PURCHASE KOHLS 0698 801 E CONWAY AR 99999999 913663","","-$101.68","$1,345.43"
"09/21/2020","XX2365 MT DDA DEBIT CASH APP*OSIRIS 8774174551 CA 00000000 019128","","-$300.00","$1,045.43"
"09/21/2020","PAYPAL INST XFER APPLE.COM BILL","","-$2.99","$1,042.44"
"09/21/2020","PAYPAL INST XFER APPLE.COM BILL","","-$6.99","$1,035.45"
"09/21/2020","AMEX EPAYMENT ACH PMT M5188","","-$50.00","$985.45"
"09/21/2020","CAPITAL ONE MOBILE PMT 026339800285365","","-$200.97","$784.48"
"09/22/2020","Square Inc * Cash App T200285474953","","$6.00","$790.48"
"09/22/2020","XX2365 POS PURCHASE MCDONALD&#39;S F3290 CONWAY AR 1 081023","","-$8.44","$782.04"
"09/22/2020","XX2365 POS PURCHASE AMZN Mktp US*M43 Amzn.com/bill WA 00000000 028032","","-$10.90","$771.14"
"09/22/2020","XX2365 ATM WITHDRAWAL BANK OZK CONWAY AR AR000175 004258","","-$60.00","$711.14"
"09/22/2020","PAYPAL INST XFER SPOTIFYUSAI","","-$10.89","$700.25"
"09/22/2020","CAPITAL ONE MOBILE PMT 026539800244111","","-$30.00","$670.25"
"09/23/2020","XX2365 POS PURCHASE MCDONALD&#39;S F3290 CONWAY AR 1 008091","","-$10.43","$659.82"
"09/24/2020","XX2365 POS PURCHASE MCDONALD&#39;S F3290 CONWAY AR 1 088985","","-$7.65","$652.17"
"09/24/2020","XX2365 POS PURCHASE IPHONE CITIZ*PMT 888-2016306 CT 00000000 054609","","-$27.19","$624.98"
"09/24/2020","PAYPAL INST XFER APPLE.COM BILL","","-$6.99","$617.99"
"09/24/2020","T-MOBILE PCS SVC 3907018","","-$80.00","$537.99"
"09/25/2020","XX2365 POS PURCHASE STARBUCKS STORE CONWAY AR 00000000 003487","","-$9.89","$528.10"
"09/25/2020","XX2365 MT DDA DEBIT CASH APP* 8774174551 CA 00000000 005266","","-$100.00","$428.10"
"09/25/2020","SHELTER MUTUAL SPS. PREM. XXXXXX4956","","-$185.30","$242.80"
"09/28/2020","XX2365 POS PURCHASE MCDONALD&#39;S F3290 CONWAY AR 1 002488","","-$8.65","$234.15"
"09/28/2020","XX2365 ATM WITHDRAWAL BANK OZK CONWAY AR AR000175 004539","","-$20.00","$214.15"
"09/28/2020","PAYPAL INST XFER APPLE.COM BILL","","-$12.99","$201.16"
"09/30/2020","Merkle Inc.-OSV EDIPYMENTS 002vHj","","$1,418.69","$1,619.85"
"09/30/2020","XX2365 MT DDA CREDIT Cash App*Cash Ou Visa Direct CA 1 452445","","$83.72","$1,703.57"
"09/30/2020","XX2365 POS PURCHASE MCDONALD&#39;S F3290 CONWAY AR 1 000957","","-$7.33","$1,696.24"
"09/30/2020","XX2365 MT DDA DEBIT CASH APP*OSIRIS 8774174551 CA 00000000 045520","","-$301.00","$1,395.24"
"10/01/2020","XX2365 POS PURCHASE ONLYFANS.COM 8886880458 IL 1 034403","","-$15.00","$1,380.24"
"10/01/2020","XX2365 ATM WITHDRAWAL BANK OZK CONWAY AR AR000175 004684","","-$180.00","$1,200.24"
"10/02/2020","XX2365 MT DDA DEBIT APPLE CASH 1INFINITELOOP CA 00000723 035279","","-$800.00","$400.24"
"10/02/2020","PAYPAL INST XFER APPLE.COM BILL","","-$14.99","$385.25"
"10/02/2020","CLUB FEES 10 FITNESS ABC - 10 FITNESS 888-827-9262","","-$30.50","$354.75"
"10/05/2020","XX2365 POS PURCHASE Subway 22151 Conway AR 75174644 018872","","-$4.88","$349.87"
"10/05/2020","XX2365 POS PURCHASE SONIC DRIVE IN # CONWAY AR 1 000234","","-$7.88","$341.99"
"10/05/2020","XX2365 POS PURCHASE TROPICAL SMOOTHI CONWAY AR 03096220 013486","","-$12.65","$329.34"
"10/05/2020","XX2365 POS PURCHASE Amazon web servi aws.amazon.co WA 00000000 038072","","-$52.81","$276.53"
"10/06/2020","XX2365 MT DDA CREDIT Cash App*Cash Ou Visa Direct CA 1 490113","","$102.44","$378.97"
"10/06/2020","XX2365 POS PURCHASE MCDONALD&#39;S F3290 CONWAY AR 1 066162","","-$7.65","$371.32"
"10/06/2020","XX2365 POS PURCHASE AMZN MKTP US*MK1 AMZN.COM/BILL WA 00000000 002404","","-$25.63","$345.69"
"10/06/2020","A CLOUD GURU LTD IAT PAYPAL 1010621261073","","-$29.00","$316.69"
"10/06/2020","ALLY BANK $TRANSFER 2615243867","","-$100.00","$216.69"
"10/08/2020","XX2365 POS PURCHASE WM SUPERCENTER # CONWAY AR 00050042 291813","","-$14.00","$202.69"
"10/08/2020","XX2365 POS PURCHASE Wal-Mart Super C CONWAY AR 00050049 028119252091","","-$33.66","$169.03"
"10/09/2020","XX2365 MT DDA CREDIT APPLE CASH Visa Direct CA 03972396 499562","","$792.00","$961.03"
"10/09/2020","XX2365 POS PURCHASE WM SUPERCENTER # CONWAY AR 00050043 477359","","-$1.50","$959.53"
"10/09/2020","XX2365 POS PURCHASE ONLYFANS.COM 8886880458 IL 1 015351","","-$12.00","$947.53"
"10/09/2020","XX2365 POS PURCHASE WAL-MART #0005 CONWAY AR 24000501 737181","","-$39.11","$908.42"
"10/09/2020","XX2365 MT DDA DEBIT CASH APP*OSIRIS 8774174551 CA 00000000 070011","","-$125.00","$783.42"
"10/13/2020","XX2365 POS PURCHASE DUNKIN #350624 Q BRYANT AR 3506004 007560","","-$5.45","$777.97"
"10/13/2020","XX2365 POS PURCHASE ANDYS FROZEN CUS CONWAY AR 00C40406 010208","","-$8.60","$769.37"
"10/13/2020","XX2365 POS PURCHASE CHICKEN EXPRESS CONWAY AR 08180782 080782","","-$10.99","$758.38"
"10/13/2020","XX2365 ATM WITHDRAWAL BANK OZK CONWAY AR AR000175 005269","","-$220.00","$538.38"
"10/13/2020","PAYPAL INST XFER APPLE.COM BILL","","-$29.99","$508.39"
"10/13/2020","ALLY ALLY PAYMT 227971394867","","-$400.44","$107.95"
"10/14/2020","XX2365 CHECKING PYMNT MSFT *&lt;E0500CH4A MSBILL.INFO WA 02028181 028821081","","-$8.25","$99.70"
"10/15/2020","Merkle Inc.-OSV EDIPYMENTS 002ws6","","$1,463.11","$1,562.81"
"10/19/2020","XX2365 POS PURCHASE KROGER #625 CONWAY AR 80062515 515703","","-$39.31","$1,523.50"
"10/19/2020","XX2365 MT DDA DEBIT CASH APP*OSIRIS 8774174551 CA 00000000 025969","","-$96.31","$1,427.19"
"10/19/2020","ALLY BANK $TRANSFER 2644400489","","-$200.00","$1,227.19"
"10/19/2020","AMEX EPAYMENT ACH PMT M8684","","-$650.00","$577.19"
"10/20/2020","PAYPAL INST XFER APPLE.COM BILL","","-$2.99","$574.20"
"10/20/2020","ALLY BANK $TRANSFER 2653563025","","-$20.00","$554.20"
"10/21/2020","XX2365 MT DDA DEBIT CASH APP* 8774174551 CA 00000000 071417","","-$50.00","$504.20"
"10/22/2020","XX2365 POS PURCHASE MCDONALD&#39;S F3290 CONWAY AR 1 072088","","-$7.65","$496.55"
"10/22/2020","XX2365 POS PURCHASE KUM &amp; GO #0158 CONWAY AR 1 011207","","-$8.50","$488.05"
"10/22/2020","XX2365 POS PURCHASE CHICKEN EXPRESS CONWAY AR 13802172 002172","","-$10.99","$477.06"
"10/22/2020","XX2365 POS PURCHASE KROGER #625 CONWAY AR 80062511 511546","","-$22.02","$455.04"
"10/22/2020","PAYPAL INST XFER SPOTIFYUSAI","","-$10.89","$444.15"
"10/23/2020","XX2365 POS PURCHASE MCDONALD&#39;S F3290 CONWAY AR 1 050465","","-$7.65","$436.50"
"10/23/2020","XX2365 POS PURCHASE IPHONE CITIZ*PMT 888-2016306 CT 00000000 064945","","-$27.19","$409.31"
"10/26/2020","XX2365 POS PURCHASE MCDONALD&#39;S F2929 MALVERN AR 1 055886","","-$13.40","$395.91"
"10/26/2020","XX2365 POS PURCHASE KROGER #625 CONWAY AR 80062512 512085","","-$31.43","$364.48"
"10/26/2020","XX2365 POS PURCHASE WAL-MART #2575 CONWAY AR 24257501 417775","","-$59.67","$304.81"
"10/26/2020","XX2365 POS PURCHASE LOWE&#39;S #236 CONWAY AR 001 037646","","-$70.89","$233.92"
"10/26/2020","PAYPAL INST XFER APPLE.COM BILL","","-$6.99","$226.93"
"10/26/2020","T-MOBILE PCS SVC 6248940","","-$80.00","$146.93"
"10/26/2020","PAYPAL INST XFER EDX INC","","-$90.00","$56.93"
"10/27/2020","XX2365 POS PURCHASE MCDONALD&#39;S F3290 CONWAY AR 1 004276","","-$5.78","$51.15"
"10/27/2020","SHELTER MUTUAL SPS. PREM. XXXXXX4849","","-$185.30","-$134.15"
"10/28/2020","PAYPAL INST XFER APPLE.COM BILL","","-$19.98","-$154.13"
"10/28/2020","CHK# 00 AMT $185.30,"CHK# 00 AMT $185.30,"","-$35.00","-$189.13"
"10/29/2020","CHK# 00 AMT $19.98,"CHK# 00 AMT $19.98,"","-$35.00","-$224.13"
"10/30/2020","Merkle Inc.-OSV EDIPYMENTS 00300S","","$1,463.11","$1,238.98"
"10/30/2020","XX2365 POS PURCHASE KROGER #625 CONWAY AR 80062520 520096","","-$25.70","$1,213.28"
"11/02/2020","XX2365 POS PURCHASE POPEYES 5733 CONWAY AR 06407739 030647332252","","-$7.77","$1,205.51"
"11/02/2020","XX2365 POS PURCHASE TARGET T-1891 50 Conway AR 99999999 626454","","-$20.72","$1,184.79"
"11/02/2020","XX2365 POS PURCHASE KROGER #625 CONWAY AR 80062514 514701","","-$39.51","$1,145.28"
"11/02/2020","XX2365 POS PURCHASE KROGER #625 CONWAY AR 80062511 511980","","-$58.99","$1,086.29"
"11/02/2020","XX2365 POS PURCHASE TJ MAXX #666 655 CONWAY AR 99999999 206339","","-$87.28","$999.01"
"11/02/2020","XX2365 ATM WITHDRAWAL BANK OZK CONWAY AR AR000175 006194","","-$280.00","$719.01"
"11/02/2020","XX2365 MT DDA DEBIT CASH APP*OSIRIS 8774174551 CA 00000000 094071","","-$300.00","$419.01"
"11/02/2020","PAYPAL INST XFER APPLE.COM BILL","","-$6.99","$412.02"
"11/02/2020","PAYPAL INST XFER APPLE.COM BILL","","-$14.99","$397.03"
"11/02/2020","CLUB FEES 10 FITNESS ABC - 10 FITNESS 888-827-9262","","-$30.50","$366.53"
"11/03/2020","Square Inc * Cash App T200304399122","","$200.00","$566.53"
"11/03/2020","AMEX EPAYMENT ACH PMT M9342","","-$100.00","$466.53"
"11/04/2020","XX2365 POS PURCHASE Amazon web servi aws.amazon.co WA 00000000 064785","","-$54.54","$411.99"
"11/04/2020","ALLY BANK $TRANSFER 2696917163","","-$100.00","$311.99"
"11/06/2020","XX2365 MT DDA CREDIT APPLE CASH Visa Direct CA 03972399 288189","","$99.00","$410.99"
"11/09/2020","ALLY BANK P2P WILLIAM C BLOCK","","$100.00","$510.99"
"11/09/2020","A CLOUD GURU LTD IAT PAYPAL 1010994106699","","-$29.00","$481.99"
"11/10/2020","PAYPAL INST XFER APPLE.COM BILL","","-$29.99","$452.00"
"11/12/2020","Deposit","","$400.00","$852.00"
"11/12/2020","XX2365 POS PURCHASE MSFT * E0500CR7H 800-6427676 WA 00000000 087382","","-$8.25","$843.75"
"11/12/2020","ALLY ALLY PAYMT 227971394867","","-$400.44","$443.31"
"11/13/2020","Merkle Inc.-OSV EDIPYMENTS 00317G","","$1,463.11","$1,906.42"
"11/16/2020","XX2365 POS PURCHASE MCDONALD&#39;S F2991 CONWAY AR 1 038791","","-$7.54","$1,898.88"
"11/16/2020","XX2365 POS PURCHASE MCDONALD&#39;S F3290 CONWAY AR 1 034122","","-$10.10","$1,888.78"
"11/16/2020","XX2365 POS PURCHASE SAMS CLUB #4749 CONWAY AR 08278471 078471","","-$23.37","$1,865.41"
"11/16/2020","XX2365 POS PURCHASE SAMS CLUB #4749 505-922-0046 AR 08278463 078463","","-$44.68","$1,820.73"
"11/16/2020","XX2365 POS PURCHASE SAMS CLUB #4749 CONWAY AR 47490094 242309","","-$45.41","$1,775.32"
"11/16/2020","XX2365 MT DDA DEBIT APPLE CASH 1INFINITELOOP CA 00000735 023415","","-$104.00","$1,671.32"
"11/16/2020","XX2365 ATM WITHDRAWAL BANK OZK CONWAY AR AR000175 006970","","-$280.00","$1,391.32"
"11/16/2020","AMEX EPAYMENT ACH PMT M9280","","-$400.00","$991.32"
"11/17/2020","CAPITAL ONE MOBILE PMT 3B47S03G317CMHF","","-$200.00","$791.32"
"11/18/2020","ALLY BANK $TRANSFER 2736885635","","-$100.00","$691.32"
"11/19/2020","XX2365 MT DDA DEBIT CASH APP* 8774174551 CA 00000000 098272","","-$30.00","$661.32"
"11/20/2020","PAYPAL INST XFER APPLE.COM BILL","","-$2.99","$658.33"
"11/20/2020","PAYPAL INST XFER APPLE.COM BILL","","-$2.99","$655.34"
"11/23/2020","ALLY BANK P2P WILLIAM C BLOCK","","$100.29","$755.63"
"11/23/2020","XX2365 POS PURCHASE TACO BELL 036397 CONWAY AR 0363006 027174","","-$8.66","$746.97"
"11/23/2020","XX2365 POS PURCHASE DUNKIN #350624 Q BRYANT AR 3506004 018662","","-$9.83","$737.14"
"11/23/2020","XX2365 POS PURCHASE HARBOR FREIGHT T CONWAY AR 04807625 032795000660","","-$12.72","$724.42"
"11/23/2020","XX2365 POS PURCHASE IPHONE CITIZ*PMT 888-2016306 CT 00000000 027383","","-$27.19","$697.23"
"11/23/2020","XX2365 POS PURCHASE KROGER #625 855 CONWAY AR 99999999 458169","","-$36.81","$660.42"
"11/23/2020","XX2365 POS PURCHASE SAMSCLUB #4749 CONWAY AR 00000001 037739","","-$114.29","$546.13"
"11/23/2020","XX2365 POS PURCHASE Amazon Prime*GS2 Amzn.com/bill WA 00000000 053163","","-$129.86","$416.27"
"11/23/2020","PAYPAL INST XFER SPOTIFYUSAI","","-$10.89","$405.38"
"11/24/2020","XX2365 POS PURCHASE WAL-MART #2575 CONWAY AR 24257501 452813","","-$3.98","$401.40"
"11/24/2020","XX2365 POS PURCHASE MCDONALD&#39;S F3290 CONWAY AR 1 001844","","-$5.78","$395.62"
"11/24/2020","XX2365 POS PURCHASE CONWAY ORTHOPAED CONWAY AR 76314950 094209","","-$40.00","$355.62"
"11/24/2020","T-MOBILE PCS SVC 4557610","","-$80.00","$275.62"
"11/25/2020","SHELTER MUTUAL SPS. PREM. XXXXXX4721","","-$185.30","$90.32"
